2041 3293
578 323 581 327 ,
617 285 672 329 τὰ
701 283 966 339 κεκρυμμένα
995 286 1072 337 τῆς
1103 283 1224 336 ἁγίας
1254 281 1374 338 ὁδοῦ,

618 353 782 402 γνῶσιν
813 350 1014 407 καλέσας,
1044 353 1309 405 παραδώσω.

272 429 488 474 Videntur
523 431 570 473 hi
594 434 758 486 poetae
794 442 881 472 non
912 430 997 484 iam
1036 429 1238 472 dimetros
1269 427 1550 482 catalecticos,
1581 437 1690 482 quos
1721 439 1844 470 voea-

270 499 392 554 bant,
432 498 749 555 composuisse,
782 497 860 541 sed
898 497 1176 541 monometris
1217 495 1507 582 anapaesticis*
1541 494 1666 550 quasi
1708 483 1846 538 aliena

271 567 464 611 membra
494 567 671 610 metrica
699 565 918 609 adiecisse.

415 635 537 678 Haec
566 646 683 677 nova
707 633 818 676 ratio
846 630 1015 692 formas
1045 633 1312 676 catalecticus
1347 630 1559 674 formandi
1580 631 1684 673 sine
1715 628 1844 674 dubio

256 713 324 747 'eo
346 706 546 759 tempore
565 703 659 745 orta
689 705 766 756 est,
799 714 897 749 oum
923 703 1074 757 poetae
1099 700 1254 753 Graeci
1272 712 1365 743 non
1395 700 1481 742 iam
1504 699 1609 742 satis
1633 698 1851 741 habebant

273 771 519 814 dimetrioas
549 769 709 812 formas
740 781 1008 825 componere,
1039 768 1113 812 sed
1140 768 1268 822 etiam
1292 769 1653 810 monometrorum
1678 764 1851 821 omnpo-v

273 839 418 882 sitioni
465 834 512 881 se
555 831 774 882 dederant.
826 837 950 896 Quod
998 837 1175 892 apparet
1220 849 1244 879 e
1285 835 1516 878 Clementis
1562 833 1845 878 Alexandrini

272 908 434 963 hymno
459 907 519 958 εἰς
540 907 725 960 Χριστὸν
749 908 827 950 τὸν
851 905 1129 957 παιδαγωγόν
1141 905 1207 959 ¹⁹),
1233 904 1358 947 ouius
1377 904 1541 960 partem
1561 902 1747 958 priorem
1775 901 1846 945 de-

272 976 480 1020 scribam:

763 1043 942 1095 στὸμιον
976 1043 1134 1085 πώλων
1165 1041 1326 1094 ἀδαῶν,

761 1111 920 1161 πτερὸν
952 1109 1138 1162 ὀρνίθων
1171 1109 1386 1161 ἀπλανῶν,

765 1176 857 1221 οἴαξ
887 1179 1004 1229 νηῶν
1037 1177 1225 1229 ἀτρεκής,

763 1245 919 1297 ποιμὴν
952 1244 1096 1297 ἀρνῶν
1128 1244 1377 1297 βασιλικῶν·

707 1312 738 1352 5
764 1313 869 1362 τοὺς
901 1313 1013 1363 σοὺς
1044 1312 1225 1370 ἀφελεῖςἶ

761 1381 920 1431 παῖδας
950 1377 1133 1433 ἄγειρον,

762 1446 890 1490 αἰνεῖν
921 1447 1055 1500 ἁγίως

765 1515 907 1565 ὑμνεῖν
938 1515 1109 1565 ἀδόλως

762 1581 937 1634 ἀκάκοις
969 1584 1180 1634 στόμασιν
1219 1612 1225 1619 -

675 1652 731 1693 10
763 1651 929 1694 παίδων
960 1652 1147 1703 ἡγήτορα
1177 1642 1372 1702 Χριστόν.

762 1717 896 1768 ἁγίων
928 1719 1117 1772 βασιλεῦ,

764 1786 866 1834 λόγε
898 1787 1186 1836 πανδαμάτωρ
1210 1818 1346 1826 .....

763 1852 877 1901 ἁλιεῦ
910 1853 1113 1906 μερόπων

762 1923 851 1962 τῶν
884 1922 1149 1973 σωζομένων

675 1987 731 2029 25
763 1987 975 2040 πελάγους
1005 1989 1161 2042 κακίας,

764 2055 882 2108 ἰχθῦς
913 2055 1074 2107 ἁγνοὺς

765 2121 951 2175 κύματος
981 2123 1138 2176 ἐχθροῦ

762 2192 940 2245 γλυκερῇ
973 2194 1059 2245 ζωῇ
1091 2192 1323 2245 δελεάζων·

762 2259 870 2310 ἡγοῦ
903 2258 1133 2312 προβάτων

676 2327 732 2368 30
763 2328 944 2375 λογικῶν
974 2328 1129 2378 ποιμὴν
1161 2326 1254 2380 ἅγι’,
1284 2328 1393 2377 ἡγοῦ

767 2392 941 2446 βασιλεῦ
972 2394 1138 2437 παίδων
1171 2394 1419 2446 ἀνεπάφων.

274 2479 354 2521 Vv.
379 2479 557 2522 11—25
597 2483 899 2522 monometros
924 2491 1018 2522 esse
1058 2479 1143 2523 iam
1185 2479 1399 2523 rhetorica
1436 2479 1573 2524 forma
1615 2480 1868 2524 verisimile

273 2548 338 2603 fit,
370 2561 468 2592 oum
494 2547 677 2604 singulis
702 2548 849 2590 metris
871 2547 1119 2604 saepissime
1144 2547 1339 2604 singulae
1362 2547 1521 2593 Christi
1545 2548 1847 2606 appellationes

276 2616 599 2669 contineantur3
611 2614 700 2657 ‘sed
720 2616 808 2658 tota
827 2616 979 2671 hymni
996 2615 1247 2671 compositio
1263 2616 1418 2659 horum
1433 2628 1636 2675 versuum
1651 2617 1848 2659 naturam

276 2687 435 2725 certam
456 2682 610 2726 reddit.
641 2681 752 2725 Nam
769 2694 917 2726 versus
934 2683 1158 2739 dimetrici‚
1174 2683 1249 2740 qui
1269 2684 1314 2727 in
1331 2683 1414 2727 hoo
1431 2684 1619 2728 carmine
1633 2683 1848 2739 leguntur,

276 2764 425 2794 omnes
466 2751 552 2794 illis
595 2751 859 2806 temporibus
898 2753 984 2794 iam
1025 2751 1186 2794 dudum
1227 2753 1273 2794 in
1312 2764 1397 2794 usu
1436 2754 1570 2806 erant,
1610 2752 1695 2794 nisi
1734 2752 1848 2806 quod
1911 2763 1914 2768 ·

424 2874 467 2921 ι9)
493 2873 667 2911 Clemens
683 2874 961 2911 Alexandrinus
985 2875 1042 2911 ed.
1060 2875 1240 2919 Smehlin,
1265 2874 1520 2921 v01.1(1905),
1535 2884 1644 2920 pagg.
1662 2873 1847 2920 291-92;

277 2931 394 2977 praef.
412 2930 556 2968 LXXVI
580 2931 613 2966 2.
1262 2962 1264 2965 ,
