2041 3293
820 230 875 236 .-
936 207 993 247 43
1057 230 1113 236 -

182 336 358 391 dignum
384 335 556 377 videtur
586 336 852 390 complectar.
895 335 990 377 Non
1020 348 1155 378 novae
1181 340 1281 377 sunt
1304 336 1487 387 formae;
1520 336 1746 379 dimetrum

181 397 268 446 iain
298 405 343 446 in
368 403 591 462 ‘tragoedia
628 404 791 446 Graeca
825 404 974 459 paucis
1009 404 1116 446 locis
1150 405 1416 455 invenimus3
1454 406 1746 459 paroemiacus

182 471 236 513 ab
267 472 348 514 hoc
379 484 579 513 versuum
611 484 768 526 genere
799 485 1017 526 nunquam
1050 471 1215 513 alienus
1241 474 1341 513 erat.
1389 472 1481 514 Hae
1506 472 1638 527 igitur
1661 472 1745 514 for—

184 552 278 582 mae
318 539 507 583 secundo
551 540 720 582 saeculo
763 553 803 594 p.
834 539 930 581 Chr.
961 553 1002 581 n.
1043 540 1146 582 κατὰ
1191 540 1335 591 στίχον
1376 539 1688 582 adhibebantur
1701 542 1743 593 8).

181 606 278 650 Non
314 609 448 664 igitur
485 607 838 665 ‘cholanapaesti'
876 607 955 653 hae
993 607 1155 651 formae
1192 607 1468 663 appellandae
1505 612 1621 663 sunt,
1660 622 1743 663 quo

181 678 353 718 nomine
389 677 526 717 utitur
554 677 791 729 Kaibelius,
826 677 1138 717 Wilamowitzii
1177 677 1421 730 exemplum
1459 689 1660 729 sequens,
1698 678 1743 717 in

180 743 290 787 Mus.
310 743 445 787 Rhen.
468 744 525 786 34
556 738 714 799 (1879),
745 757 839 800 pag.
861 744 968 796 211;
1000 757 1141 799 neque
1163 745 1274 787 enim
1299 743 1365 786 ‘ad
1384 735 1527 799 ipsum
1547 745 1743 800 podagri-

129 829 138 834 *
179 825 330 877 corum
349 814 494 863 ‘usum’
517 813 718 854 inventae
744 817 855 866 sunt,
886 812 961 855 sed
993 825 1049 854 ex
1074 826 1156 854 usu
1181 813 1340 867 tragico
1366 815 1556 868 sumptae
1581 813 1743 868 praeci-

149 884 349 936 ·pueque
386 881 430 922 in
469 880 645 923 deorum
683 881 851 936 hymnis
888 881 1111 924 adhibitae.
1165 881 1248 924 Sed
1278 881 1652 924 Wilamowitzium
1689 882 1741 924 ab

179 961 324 990 errore
362 962 441 990 suo
477 950 561 990 iam
598 950 826 991 recessisse
864 963 914 991 ea
950 949 1251 1003 demonstrant,
1289 963 1398 1004 quae
1429 951 1600 1005 scripsit
1630 950 1740 991 Berl.

177 1016 313 1059 Klass.
334 1016 450 1072 Fgm.
471 1017 512 1059 V
534 1018 572 1072 2,
603 1031 693 1073 pag.
719 1018 814 1072 136,
846 1022 985 1060 annot.
1009 1019 1045 1060 2.
1085 1018 1290 1060 Swoboda
1302 1021 1332 1071 9)
1360 1022 1402 1060 et
1428 1019 1741 1075 Zimmermann

177 1085 246 1137 (ef.
269 1097 396 1139 supra
426 1087 566 1126 annot.
590 1087 642 1139 1),
681 1098 777 1127 cum
816 1086 988 1127 nomine
1020 1085 1390 1140 ‘Hinkanapaeste’
1429 1087 1619 1139 utuntur,
1657 1086 1740 1141 pri·

178 1166 294 1196 orem
318 1154 633 1196 Wilamowitzii
663 1168 708 1197 se
742 1154 977 1197 doctrinam
1004 1155 1129 1208 sequi
1160 1156 1380 1196 testantur.

318 1223 786 1279 Anapaesto-iambicus
809 1222 988 1266 dimeter
1007 1223 1264 1279 Euripideus
1287 1223 1540 1278 dactylicam
1561 1223 1738 1266 formam

178 1294 394 1347 anapaesti
424 1306 511 1334 non
541 1294 782 1347 recipiebat.
837 1293 917 1335 Cui
946 1294 1030 1347 legi
1063 1306 1108 1335 se
1140 1294 1451 1348 obstringentes
1482 1307 1581 1334 cum
1611 1306 1737 1334 usum

179 1361 386 1414 tragicum
418 1365 638 1402 servarent
673 1364 821 1416 poetae
852 1362 1128 1415 recentiores,
1166 1361 1247 1403 alia
1285 1374 1330 1403 re
1363 1363 1548 1403 veterem
1580 1361 1738 1403 severi-

174 1415 303 1470 tatem
324 1429 450 1483 paulo
471 1420 783 1471 relaxaverunt.
821 1430 928 1471 Cum
950 1431 1062 1472 enim
1085 1429 1264 1471 dimeter
1284 1429 1737 1483 anapaesto-iambicus

175 1501 503 1551 componeretur
533 1511 630 1539 cum
660 1499 949 1552 paroemiacis,
981 1501 1301 1552 anapaestorum
1329 1497 1590 1539 constructio
1616 1510 1666 1539 ea
1689 1510 1736 1538 re

174 1564 347 1607 liberior
376 1565 488 1606 facta
519 1570 593 1619 est,
626 1562 739 1619 quod
772 1566 877 1607 duas
908 1565 1091 1619 syllabas
1122 1566 1273 1607 breves
1303 1566 1349 1606 in
1370 1578 1521 1606 versus
1542 1565 1663 1606 initio
1689 1565 1734 1605 in

175 1645 304 1674 unam
334 1632 501 1688 longam
535 1634 784 1676 contrahere
817 1633 979 1688 licebat,
1012 1633 1126 1688 quod
1156 1634 1200 1676 in
1231 1632 1472 1689 tragoediae
1498 1634 1736 1688 anapaestis

174 1715 259 1744 non
301 1703 498 1757 occurrit,
539 1703 804 1758 paroemiaco
845 1716 1012 1758 semper
1054 1715 1303 1745 concessum
1347 1706 1447 1744 erat.
1504 1702 1735 1744 Rarissime

175 1771 305 1813 ceteri
341 1769 472 1825 pedes
509 1771 764 1825 anapaestici
802 1771 1037 1826 spondeum
1068 1767 1317 1823 admittunt3
1357 1783 1481 1824 quem
1520 1770 1565 1811 in
1603 1770 1733 1812 altero

172 1838 280 1892 pede
316 1839 560 1880 invenimus
596 1840 642 1879 in
678 1840 927 1893 aenigmatis
964 1839 1079 1879 illius
1116 1853 1153 1879 v,
1178 1841 1202 1879 9
1241 1840 1432 1889 κεφαλὰν
1465 1837 1503 1879 δ’
1525 1839 1603 1879 οὐκ
1634 1840 1734 1890 ἔσχε

173 1906 392 1959 βρέμουσα
424 1907 516 1961 θήρ,
547 1907 592 1948 in
623 1907 746 1949 tertio
777 1906 884 1962 pede
916 1907 961 1949 P.
982 1907 1083 1961 Fay.
1106 1921 1143 1948 v.
1168 1908 1223 1948 14
1256 1908 1402 1957 δέλεαρ
1430 1908 1477 1948 δὲ
1503 1907 1645 1958 λαβὼν
1667 1908 1734 1948 καὶ

173 1976 374 2026 ψωμίσας
405 1979 447 2016 et
477 1988 514 2015 v,
547 1976 601 2015 22
624 1973 973 2026 ’πελεκιζομὲνων
1014 1976 1368 2026 σταυρουμὲνων.·
1415 1973 1564 2015 Fiebat
1602 1974 1734 2028 igitur

171 2041 300 2084 huius
340 2042 501 2085 formae
542 2055 644 2085 usus
688 2043 947 2098 temporibus
989 2042 1358 2098 progredientibus
1400 2042 1590 2096 liberior,
1634 2056 1732 2084 cum

170 2109 346 2165 spondei
367 2111 413 2152 in
435 2111 632 2152 omnibus
652 2111 831 2166 pedibus
852 2124 928 2166 pro
951 2111 1190 2166 anapaestis
1212 2110 1560 2162 admitterentur;
1592 2123 1731 2164 neque

169 2190 271 2220 vero
311 2192 513 2234 umquam
555 2180 716 2235 primus
757 2179 925 2222 dimetri
967 2192 1042 2234 pes
1086 2179 1212 2221 desiit
1255 2192 1349 2221 esse
1392 2178 1570 2233 spondei
1611 2179 1730 2220 locus

169 2247 437 2300 praecipuus.
925 2245 928 2249 ”

311 2314 488 2358 Praeter
511 2316 823 2371 paroemiacum
850 2319 892 2358 et
916 2315 1144 2358 dimetrum
1169 2315 1641 2369 anapaesto-iambicum
1665 2328 1730 2357 re-

169 2382 429 2424 centioribus
444 2383 706 2439 temporibus
724 2384 850 2426 etiam
868 2384 1046 2425 dimeter
1060 2384 1536 2438 anapaesto-paeonicus
1553 2383 1729 2425 stichice

168 2450 457 2493 adhibebatur.
506 2452 640 2502 Quem
674 2453 805 2495 semel
836 2452 949 2507 apud
974 2451 1234 2506 Euripidem,
1267 2451 1396 2492 bisin
1421 2451 1631 2492 cantilena
1656 2451 1728 2492 illa

312 2548 338 2593 ³)
363 2547 465 2583 Idem
496 2549 572 2584 iam
604 2548 871 2586 Callimachum
902 2548 948 2583 de
980 2547 1138 2583 dimetro
1171 2546 1555 2592 anapaesto-iambico
1585 2547 1727 2582 formae

169 2622 530 2644 υυ-υυ-υ-ψ-
554 2605 688 2641 fecisse
713 2615 828 2650 supra
851 2604 1011 2640 vidimus
1035 2603 1129 2649 (cap.
1147 2604 1171 2648 I,
1200 2605 1325 2638 annot.
1343 2603 1414 2648 42).
1453 2603 1577 2638 Facile
1594 2602 1728 2638 credas

168 2665 299 2708 poetas
324 2662 550 2698 recentiores
577 2673 621 2697 eo
646 2661 801 2696 consilio
826 2661 982 2696 alteram
1006 2659 1164 2694 sormam
1181 2658 1606 2703 anapaesto-iambicam
1623 2658 1729 2694 adhi-

169 2719 307 2763 buisse,
332 2720 372 2753 ut
390 2717 609 2754 Callimachi
634 2717 844 2762 exemplum
868 2717 1121 2761 sequerentur.
1160 2715 1269 2760 Quod
1294 2715 1347 2750 ita
1372 2725 1455 2750 esse
1475 2725 1520 2750 ea
1539 2725 1578 2749 re
1596 2714 1726 2750 verisi-

167 2775 292 2811 milius
317 2775 368 2819 fit,
394 2774 493 2819 quod
518 2774 580 2810 alii
606 2784 751 2818 quoque
770 2775 965 2818 poetarum
978 2771 1312 2813 Callimacheorum
1327 2771 1533 2805 imitatores
1546 2769 1727 2805 Hadriani

167 2832 291 2869 aetate
316 2830 554 2872 exstiterunt;
579 2829 677 2864 infra
702 2829 797 2874 (pag.
813 2828 874 2867 44)
901 2828 1055 2863 afferam
1070 2826 1314 2862 Besantinum
1339 2826 1534 2871 quendam,
1561 2826 1623 2870 qui
1645 2836 1725 2861 car-

107 2877 113 2881 *
137 2919 140 2921 ,
168 2887 270 2923 mine
294 2897 363 2924 suo
387 2886 486 2933 quod
511 2886 608 2921 ‘Ara'
633 2885 845 2922 inscribitur
871 2885 952 2920 sine
978 2884 1090 2921 dubio
1117 2883 1365 2923 Simiacorum
1390 2883 1598 2919 carminum
1622 2883 1724 2928 poly-

166 2942 339 2978 metriam
362 2942 588 2978 imitabatur.

309 2998 337 3044 ⁹)
362 2997 478 3034 Wien.
496 2997 622 3034 Studd.
642 2996 745 3041 1905,
771 3008 853 3045 pag.
870 2996 952 3033 301.
