2041 3293
898 176 955 188 -,
1016 117 1193 194 3'2'-

257 279 444 328 alterum
464 283 650 324 metrum
665 281 1007 337 anapaesticum3
1027 280 1104 324 sed
1123 291 1304 324 necesse
1323 283 1391 324 est
1395 281 1632 336 dactylum
1645 283 1829 352 priorem

258 347 403 391 locum
424 348 629 392 obtinere.
676 350 852 393 Constat
870 350 1004 405 igitur
1021 350 1113 392 iam
1126 349 1445 413 Alexandrinos
1465 348 1665 394 docuisse
1673 339 1830 406 dacty—

216 470 219 471 ⁷
257 415 388 465 licam
426 416 626 463 formam
639 418 866 474 anapaesti
906 416 1005 463 nisi
1020 417 1067 459 in
1097 416 1238 472 priore
1276 416 1407 509 pede
1417 416 1542 460 metri
1571 418 1830 509 anapaestici

256 494 349 526 non
380 496 475 527 esse
505 482 822 531 admittendam

335 576 337 579 v
403 551 500 595 Hac
534 552 647 608 ·‚lege
688 565 818 609 quam
850 553 912 596 de
943 519 1112 608 dactylo
1153 552 1426 595 constitutam
1465 551 1602 595 fuisse
1632 537 1831 608 vidimus,

260 622 448 676 apparet·
468 621 716 675 anapaestos
747 620 800 663 ab
827 620 1134 666 Alexandrinis
1165 622 1284 665 κατὰ
1295 622 1449 673 μέτρον
1474 620 1659 676 digestos
1681 621 1830 675 fuisse.

258 687 413 738 Quod
426 688 596 731 litteris
619 689 821 731 testatum
861 682 1070 731 habemus
1100 688 1231 732 schol.
1261 688 1400 744 Heph.
1421 689 1598 743 27515
1615 687 1670 731 0:
1701 688 1752 731 τὸ
1784 690 1832 731 δὲ

262 756 565 800 ἀναπαιστικὸν
604 757 710 800 κατὰ
745 757 943 798 διποδίαν
984 758 1174 808 βαίνεται.
1218 756 1302 807 Qui
1339 767 1443 798 usus
1483 769 1570 810 qua
1608 757 1661 798 de
1701 767 1832 798 causa

261 824 461 877 receptus
501 821 558 864 sit
595 822 736 865 fusius
775 822 1018 878 explicatur
1053 822 1161 865 Mar.
1183 823 1346 866 Victor.
1386 822 1460 866 GL
1480 823 1543 866 VI
1565 823 1633 878 76,
1655 810 1828 878 22-ε-27

259 890 330 945 (ct
352 889 769 946 soh01.Heph.132‘‚
799 892 946 933 3—16
963 890 1032 944 c):
1075 891 1168 934 Scio
1197 893 1436 946 messum,
1475 906 1552 934 cur
1588 880 1833 948 dactylicum

260 958 435 1014 sinqulie
455 957 645 1015 pedibus,
677 959 987 1015 anapaesticum
1009 964 1091 1015 per
1115 959 1315 1016 syzyqian
1344 958 1583 1013 scandatur,
1611 973 1707 1002 cum
1723 960 1834 1002 inter

259 1040 302 1068 se
321 1025 595 1081 omnifariam
614 1031 857 1082 conqruant.
886 1040 1131 1082 persuasum
1151 1031 1207 1069 est
1222 1026 1390 1068 nullum
1408 1031 1584 1068 metrum
1603 1025 1833 1070 hexametro

253 1105 373 1150 posse
401 1107 483 1136 esse
512 1094 668 1146 maium
700 1095 833 1151 iyitur
857 1106 951 1137 cum
970 1089 1254 1151 anapaesticus
1281 1100 1426 1137 versus*
1450 1098 1487 1136 et
1514 1099 1662 1151 septem
1688 1099 1726 1137 et
1750 1099 1834 1137 octo

252 1161 412 1218 pedum
451 1163 704 1217 reperiatur,
737 1162 943 1218 placuisse
981 1162 1205 1205 maim-ibus
1241 1174 1334 1205 eum
1369 1176 1446 1218 per
1484 1163 1671 1219 syzyqias
1709 1162 1834 1216 caedi,

261 1243 342 1271 non
375 1229 482 1271 alias
511 1243 636 1285 quam
665 1230 704 1271 si
731 1230 957 1290 dactylicus
984 1229 1347 1286 wperyroderetur
1375 1229 1668 1283 hexametrum,
1697 1231 1836 1286 utique

255 1311 338 1353 per
366 1297 556 1354 syzygiae
585 1297 865 1340 scanderetur.

408 1363 568 1419 Legem
600 1363 653 1406 de
684 1363 868 1406 diaeresi
898 1364 951 1406 ab
983 1363 1290 1408 Alexandrinis
1320 1377 1407 1406 non
1437 1364 1673 1419 neglectam
1697 1364 1835 1407 fuisse

262 1431 530 1487 intellegitur
565 1444 590 1474 e
620 1431 726 1474 Mar.
747 1431 908 1476 Victor.
938 1431 1012 1474 GL
1032 1431 1096 1473 VI
1119 1433 1186 1486 77,
1209 1432 1348 1474 2-6,
1338 1445 1348 1455 ·
1390 1433 1676 1488 ampaeeticon
1715 1432 1836 1474 melos

262 1499 371 1542 bime
394 1499 572 1555 pedibus
599 1504 716 1542 amat
733 1513 896 1542 sensum
916 1500 1136 1552 includere,
1166 1504 1213 1542 ut
1230 1505 1288 1542 est
1307 1500 1428 1555 apud
1439 1500 1664 1542 Accium«
1646 1500 1834 1556 «inclyte,

259 1579 394 1623 parva
411 1565 428 1612 l
438 1567 631 1622 praedite
643 1567 804 1622 patria,
825 1564 848 1611 l·
868 1567 1032 1609 nemine
1052 1566 1197 1609 celebri
1219 1564 1230 1610 Ι
1255 1568 1443 1623 claroque
1465 1571 1611 1623 potens
1634 1563 1644 1610 Ι
1663 1571 1832 1623 pectore,

261 1634 430 1677 Achivis
450 1633 466 1679 l
489 1634 681 1677 classibus
711 1639 890 1677 auctor.»

404 1702 495 1744 Iam
537 1701 769 1756 videamus,
809 1701 913 1756 quid
954 1701 1007 1744 de
1047 1656 1349 1756 systematibus
1388 1714 1499 1757 quae
1536 1702 1585 1744 G.
1611 1701 1833 1745 Hermann

262 1770 434 1813 vocavit
443 1771 475 1823 ⁶)
519 1771 813 1826 anapaesticis³
846 1769 976 1816 docti
1006 1770 1089 1812 viri
1127 1769 1412 1817 Alexandrini
1459 1770 1694 1813 docuerint.
1749 1769 1833 1820 Qui

260 1849 409 1881 omnes
448 1839 779 1893 compositiones
819 1838 1038 1892 metricae,
1080 1850 1189 1893 quae
1228 1851 1308 1893 per
1346 1839 1599 1893 synaphiam
1641 1837 1833 1880 contine-

259 1905 428 1960 bantur,
458 1905 727 1961 appellabant
749 1904 960 1960 periodos.
992 1905 1114 1948 Tales
1143 1905 1311 1961 periodi
1336 1906 1374 1948 si
1400 1906 1497 1964 plus
1528 1907 1703 1961 triginta
1726 1907 1832 1948 tem-

259 1985 365 2029 pora
395 1973 619 2028 habebant,
643 1974 883 2026 ὑπέρμετρα
907 1973 1182 2028 vocabantur,
1207 1974 1244 2016 si
1269 1974 1423 2029 minus,
1448 1977 1587 2026 μέτρα.
1619 1973 1744 2024 Quod
1773 1974 1833 2016 ita
1847 2007 1867 2029 ,

260 2042 541 2084 constitutum
575 2043 667 2084 erat
695 2041 778 2083 hac
807 2040 861 2083 de
893 2053 1032 2083 causa.
1068 2036 1265 2085 Carmina
1295 2041 1474 2085 stichice
1506 2040 1738 2097 composita
1772 2040 1833 2083 ita

261 2109 629 2164 describebantur,
671 2111 719 2151 ut
763 2109 933 2164 singuli·
969 2110 1104 2163 στίχοι
1148 2110 1341 2165 singulos
1382 2122 1534 2154 versus
1580 2111 1830 2153 obtinerent.

259 2179 426 2231 Στίχων
460 2178 713 2234 longissima
749 2180 814 2220 est
848 2178 986 2220 forma
1018 2179 1254 2222 tetrametri
1283 2179 1542 2235 anapaestici
1573 2177 1830 2234 catalectica,

262 2248 336 2290 cui
359 2260 517 2289 nomen
541 2248 607 2289 est
632 2247 1002 2302 Aristophaneum.
1033 2247 1120 2289 Hic
1146 2259 1298 2290 versus
1322 2260 1346 2289 e
1370 2247 1545 2303 triginta
1567 2246 1831 2302 temporibus

260 2317 438 2357 constat.
471 2314 668 2357 Carmina
705 2314 941 2369 polymetra
971 2314 1149 2369 aliaque,
1180 2320 1290 2370 q‘uae
1326 2327 1418 2357 non.
1449 2310 1631 2358 stichice
1661 2326 1831 2369 compo-

260 2384 343 2425 sita
367 2386 500 2437 erant,
525 2383 633 2425 κατὰ
655 2382 885 2435 περιόδους
909 2382 1279 2434 describebantur;
1307 2395 1420 2425 nova
1443 2382 1646 2437 periodus
1669 2393 1830 2424 novum

260 2463 431 2494 versum
453 2449 695 2506 incipiebat.
727 2448 813 2492 Sed
835 2462 932 2492 cum
953 2449 1109 2492 horum
1130 2450 1367 2493 carminum
1392 2450 1557 2506 periodi
1582 2449 1829 2505 saepissime

258 2518 360 2574 plus
396 2518 574 2574 triginta
608 2522 799 2573 tempora
834 2517 1114 2573 continerent,
1151 2518 1305 2561 eodem·
1340 2530 1466 2561 versu
1502 2519 1592 2561 tota
1627 2516 1829 2574 periodus

155 2616 158 2620 -
222 2625 228 2629 ,
260 2587 391 2629 scribi
421 2600 509 2629 non
532 2587 717 2642 poterat3
750 2586 979 2641 superabat
1003 2586 1119 2628 enim
1143 2588 1290 2639 στίχου
1320 2588 1411 2629 sive
1436 2587 1563 2629 metri
1591 2585 1829 2640 longissimi

258 2652 600 2710 amplitudinem
633 2653 925 2709 appellabatur
952 2654 1086 2709 igitur
1112 2654 1388 2707 ὑπέρμετρον.
1426 2652 1465 2697 E
1487 2652 1645 2696 talibus
1675 2651 1830 2708 hyper-

259 2722 408 2781 metris
446 2735 582 2764 unum
622 2723 714 2764 erat
752 2721 1015 2774 ὑπέρμετρον
1059 2716 1374 2765 ἀναπαιστικὸν
1403 2721 1672 2777 parodorum,
1715 2720 1850 2775 quod,
1922 2706 1923 2709 Ἰ
1965 2702 1973 2712 ⁴

381 2816 435 2862 ⁶)
458 2815 551 2852 Vide
584 2814 1202 2861 Rossbach-Mestphal,.·1·heorie
1237 2815 1305 2852 der
1335 2815 1555 2852 mndachen
1586 2815 1730 2852 Kanate
1761 2814 1829 2852 det

257 2873 453 2917 Beneuen,
478 2872 525 2908 111
542 2872 563 2908 1
589 2867 725 2919 (1887),
748 2871 931 2918 pass.184.
981 2871 1063 2917 Quo
1087 2871 1183 2909 libro
1207 2883 1267 2918 ea,
1295 2882 1397 2945 qnae
1413 2872 1473 2909 de
1487 2871 1714 2918 pai-odorum
1737 2882 1829 2909 ana-

258 2929 403 2976 pacatis
427 2928 564 2965 dicturi
588 2939 729 2974 snmus,
756 2928 895 2975 optime
921 2928 1107 2965 illustrata
1132 2932 1229 2966 sunt.
1607 2959 1609 2961 ,
