2041 3293
890 165 1202 207 -30—·

394 293 617 349 Ampliora
636 295 913 354 monumenta
932 286 1202 349 anapaestica
1221 306 1277 337 ex
1301 292 1488 337 Senecae
1508 295 1645 338 aetate
1674 307 1823 352 super-

252 363 366 405 sunt.
413 361 607 413 Quorum
643 366 777 405 artem
813 362 1036 405 metricam
1074 354 1322 417 priusquam
1353 363 1596 417 tractamuS,
1637 364 1690 406 de
1719 378 1821 406 ana-

250 430 409 485 paestis
441 430 758 474 observationes
795 428 1059 485 explicemus
1089 430 1460 485 grammaticorum
1489 429 1672 487 illorum,
1714 443 1824 486 quos

250 497 558 541 Alexandrinis
595 497 858 552 temporibus
896 496 1014 552 leges
1054 498 1255 540 metricas
1295 511 1350 541 ex
1389 511 1473 541 usu
1511 499 1670 554 tragico
1711 498 1821 542 deri-

242 566 424 610 .vavisse
454 570 603 610 notum
634 567 710 610 est.
1566 557 1571 562 ’

912 744 1072 801 eaput,
1094 745 1166 789 H.

248 840 321 884 De
351 839 819 883 Alexandrinorum
858 843 907 883 et
943 840 1228 883 Stoicorum
1263 842 1556 896 praeceptis
1594 841 1822 885 metricis

596 909 656 951 ad
692 912 993 964 anapaestos
1029 908 1474 963 pertinentibus1).

391 992 488 1033 Viri
520 991 634 1033 docti
664 990 950 1034 Alexandrini
981 995 1023 1033 et
1054 991 1196 1046 Stoici,
1229 1005 1336 1046 quos
1366 993 1503 1034 aetate
1526 992 1822 1035 Alexandrina

247 1061 311 1103 rei
352 1061 555 1103 metricae
601 1059 818 1102 studuisse
860 1061 1080 1114 constat2),
1130 1073 1234 1102 num
1279 1060 1364 1115 ipsi
1409 1057 1463 1103 de
1510 1061 1600 1103 arte
1636 1060 1821 1113 ,nietrica

245 1127 380 1184 libros
421 1128 750 1182 composuerint,
791 1127 969 1169 dubium
1010 1131 1083 1169 est.
1135 1127 1444 1170 Alexandrinis
1483 1128 1712 1184 praecipue
1732 1141 1823 1171 vres

247 1196 425 1238 metrica
467 1195 578 1237 nihil
620 1197 721 1249 erat,
761 1196 846 1237 nisi
887 1207 984 1249 pars
1027 1195 1401 1250 interpretationis,
1443 1197 1504 1237 ita
1540 1199 1599 1249 ut,
1642 1197 1679 1237 si
1715 1196 1820 1250 quid

247 1261 387 1318 video,
412 1263 730 1306 observationes
756 1262 956 1305 metricas
981 1262 1352 1318 explanationibus
1377 1263 1477 1318 suis,
1510 1263 1666 1319 quibus
1690 1263 1821 1307 verba

246 1335 471 1387 poetarum
500 1331 776 1383 illustrarent,
807 1331 1047 1373 immiscere
1080 1332 1182 1389 satis
1214 1331 1427 1374 haberent.
1473 1332 1613 1374 Aliter
1641 1332 1822 1375 fortasse

248 1413 320 1443 res
352 1413 397 1443 se
428 1400 578 1442 habuit
609 1399 662 1442 de
687 1399 852 1454 Stoicis,
885 1399 960 1454 qui
992 1399 1044 1442 de
1075 1412 1121 1442 re
1153 1400 1330 1442 metrica
1353 1400 1651 1455 philosophari,
1683 1402 1732 1442 ut
1759 1401 1822 1443 ita

250 1469 402 1523 dicam,
443 1468 667 1522 malebant,
709 1481 836 1522 quam
875 1468 992 1522 leges
1024 1467 1314 1511 distinctiores
1353 1469 1622 1511 constituere.
1668 1468 1822 1523 Neque

248 1550 350 1580 vero
391 1536 713 1579 Alexandrinae
753 1536 903 1578 aetatis
944 1535 1179 1578 studiorum
1224 1536 1499 1578 metricorum
1546 1539 1821 1579 monumenta

246 1606 341 1660 ipsa
370 1604 495 1646 nobis
526 1607 695 1646 servata
725 1605 848 1655 sunt3
883 1603 1019 1657 quid?
1050 1616 1106 1645 ne
1138 1616 1210 1646 eos
1242 1603 1416 1658 quidem
1439 1604 1582 1646 libros
1601 1603 1822 1658 habemus,

246 1671 406 1727 quibus
442 1671 590 1727 primis
628 1672 892 1727 principatus
928 1671 1110 1714 Romani
1148 1672 1411 1727 temporibus
1448 1671 1640 1715 doctrina
1675 1673 1819 1715 metri-

246 1745 395 1783 corum
416 1739 807 1782 Alexandrinorum
829 1740 996 1794 integra
1017 1740 1302 1782 demonstrata
1323 1742 1406 1792 est,
1440 1744 1671 1796 supersunt
1689 1740 1821 1782 huius

247 1808 499 1864 disciplinae
545 1807 753 1850 nonnulla
799 1807 1037 1850 enchiridia
1081 1808 1367 1850 recentiorum
1407 1810 1656 1864 temporum,
1709 1820 1819 1863 quae

246 1881 393 1921 vetera
413 1890 549 1933 eaque
567 1877 678 1920 bona
699 1878 824 1919 novis
844 1877 973 1920 rebus
990 1877 1138 1932 eisque
1160 1876 1442 1920 deterioribus
1462 1877 1817 1932 permiscuerunt.

249 1946 374 1996 Quod
413 1946 566 1987 attinet
601 1945 655 1987 ad
685 1945 871 1987 Stoicam
912 1944 1159 1998 doctrinam,
1198 1945 1297 1986 libri
1337 1945 1504 1987 metrici
1529 1945 1610 2001 qui
1651 1946 1821 1986 exstant

246 2006 320 2056 aut
343 2013 528 2055 mutilati
552 2015 653 2055 sunt
682 2014 757 2055 aut
781 2012 1086 2055 Alexandrinis
1111 2013 1349 2068 praeceptis
1369 2013 1583 2068 permixti.
1615 2012 1650 2055 Ε
1674 2024 1817 2055 rerum

245 2083 333 2123 tam
363 2082 579 2123 variarum
611 2081 764 2122 acervo
796 2093 874 2122 nos
910 2081 992 2123 hoc
1023 2081 1160 2136 capite
1192 2093 1242 2123 ea
1273 2081 1362 2123 sola
1403 2081 1663 2136 colligamus,
1704 2093 1816 2134 quae

247 2149 531 2192 Alexandrini
554 2149 637 2203 ipsi
663 2150 706 2190 et
730 2148 863 2191 Stoici
894 2147 947 2191 de
972 2149 1210 2204 anapaestis
1233 2148 1430 2191 docuisse
1458 2148 1666 2191 videntur.
1699 2147 1819 2199 Quae

166 2221 172 2226 ”
248 2230 333 2271 quo
384 2216 510 2258 modo
561 2215 824 2274 temporibus
874 2216 1115 2258 labentibus
1166 2217 1327 2258 mutata
1373 2219 1414 2258 et
1460 2215 1688 2271 depravata
1732 2216 1822 2265 sint

246 2285 419 2339 novisse
469 2297 556 2325 non
606 2277 747 2339 parvi*
775 2279 839 2325 est
883 2284 1104 2334 momenti⁴
1132 2288 1364 2338 posteaque
1409 2283 1670 2336 tractabitur,
1718 2295 1817 2325 cum

247 2347 527 2394 monumenta
562 2351 832 2406 anapaestica
865 2351 957 2406 ipsa
993 2351 1330 2406 inspexerimus3
1372 2353 1511 2405 neque
1549 2344 1662 2392 enim
1694 2349 1819 2392 antea
1856 2404 1860 2407 Ὗ

246 2432 381 2463 novas
419 2419 548 2474 leges,
589 2431 699 2474 quae
738 2419 887 2473 primis
927 2418 1155 2461 Christiani
1192 2419 1286 2462 aevi
1326 2416 1588 2474 temporibus
1628 2418 1680 2461 de
1717 2431 1817 2460 ana-

245 2488 404 2543 paestis
436 2487 692 2530 constitutae
723 2491 836 2542 sunt,
865 2487 989 2542 plane
1021 2500 1280 2542 cognoscere
1311 2499 1550 2542 possumus.

390 2557 458 2599 Ac
493 2556 681 2611 primum
717 2555 888 2610 quidem
930 2556 982 2598 de
1013 2555 1406 2599 Alexandrinorum
1444 2554 1597 2598 studiis
1634 2555 1688 2597 ad
1719 2567 1819 2597 ana-

247 2628 416 2679 paestos
454 2623 770 2678 pertinentibus
810 2622 1087 2678 disputemus.
1140 2624 1257 2674 Quos
1293 2623 1346 2666 de
1383 2624 1620 2701 anapaestis
1657 2622 1816 2677 lyricis,

397 2727 423 2769 ι)
447 2726 686 2762 Metricorum
704 2725 927 2771 scriptorum
943 2728 1144 2771 praecepta
1162 2737 1210 2761 ex
1224 2725 1284 2761 his
1301 2725 1406 2761 libris
1420 2725 1572 2771 collegi:
1589 2711 1819 2770 Hephaestio
1868 2746 1871 2752 -
1934 2725 1938 2728 ’

248 2782 305 2818 ed.
325 2781 545 2817 Consbtuch
571 2781 664 2817 1906
691 2781 799 2873 (τὲῐ
826 2780 893 2827 .C)
919 2783 957 2817 et
982 2779 1226 2817 Grammatici
1248 2780 1373 2816 Latini
1398 2780 1456 2817 ed.
1473 2781 1515 2816 H.
1534 2781 1627 2826 Keil,
1651 2779 1723 2816 vol.
1741 2780 1756 2815 I
1780 2781 1818 2816 et

247 2838 321 2874 vol.
335 2837 380 2874 VI
398 2837 493 2883 .(=.
542 2837 687 2874 ..GLI
881 2836 976 2872 ‚GL
989 2837 1062 2873 VI.
1081 2836 1144 2882 ...)

245 2906 383 2997 (lew),
393 2865 632 2986 ’ΞΒΙὸἶε-ιὲοἳίο
664 2839 801 2930 beiden
825 2892 1052 2930 metrischen
1074 2864 1248 2940 Systeme
1276 2893 1310 2930 d.
1329 2892 1543 2966 Altertums‚
1567 2893 1690 2929 Herm.
1706 2892 1817 2931 xxiv
