2041 3293
804 186 1087 229 —27-

465 314 650 369 φέρουσ’
673 316 932 368 ἀποδοίμαν.’
1444 316 1541 358 reiz.

466 385 491 425 ὁ
524 384 561 426 δ’
584 384 778 426 ἀνέπτατ’
800 384 997 426 ἀνέπτατ’
1022 385 1068 435 ἐς
1098 384 1243 436 αἰθέρα
1383 429 1386 433 ,
1436 397 1492 425 an
1516 391 1558 432 -ι-
1588 379 1664 443 1εᾷ
1674 386 1727 438 ³⁹)

460 452 750 505 κουφοτάταις
780 451 1003 504 πτερύγων
1033 452 1193 506 ἀκμαῖς,
1439 452 1548 507 glyc.

464 520 556 572 ἐμοὶ
587 520 625 562 δ’
647 519 738 572 ἄχε’
760 519 862 572 ἄχεα
893 522 1093 574 κατέλιπε,
1439 521 1490 562 21

464 589 624 640 δάκρυα
656 588 817 639 δάκρυά
847 588 883 629 τ’
904 588 974 630 ἀπ’
997 587 1208 642 ὀμμάτων,
1443 588 1493 629 21

318 658 432 700 1355
464 657 617 709 ἔβαλον
649 657 805 709 ἔβαλον
837 656 864 699 ἁ
892 657 1076 708 τλάμων.
1442 657 1493 699 2i

161 728 216 771 Hi
246 729 462 771 Ranarum
483 739 641 769 -versus
671 728 773 769 satis
806 727 1096 769 demonstrant
1119 727 1371 782 Euripidem
1401 728 1453 769 ab
1478 727 1728 782 aequalibus

159 796 252 839 suis
291 796 560 839 inventorem
599 795 888 838 existimatum
928 808 1021 838 esse
1063 795 1297 838 formarum
1339 796 1726 851 anapaesticarum;

162 875 268 918 quas
307 864 399 905 sive
439 862 531 918 ipse
571 863 737 905 invenit
772 863 864 905 sive
902 862 1073 905 aliunde
1111 864 1307 918 sumpsit,
1343 864 1508 919 primus
1549 864 1727 906 stichico

161 931 332 975 cuidam
347 931 449 973 usui
462 932 523 973 ita
539 932 901 986 appropinquavit,
913 932 964 973 ut
979 931 1100 985 quasi
1116 944 1265 973 versus
1281 932 1506 986 populares
1520 932 1726 974 efficeret.

303 999 371 1041 Ex
397 1000 459 1041 eis
485 1012 593 1053 quae
613 998 865 1054 Euripidem
890 999 1129 1053 sequuntur
1153 998 1416 1054 temporibus
1442 1001 1609 1060 praeter
1631 1012 1726 1054 per-

160 1080 296 1121 pauca
326 1079 461 1120 eaque
491 1066 667 1108 minima
696 1067 933 1121 fragmenta
962 1067 1070 1108 nihil
1099 1066 1223 1108 nobis
1254 1071 1469 1108 servatum
1499 1071 1573 1120 est,
1611 1067 1727 1108 unde

161 1135 263 1176 novi
294 1135 521 1189 quicquam
555 1122 606 1177 de
638 1138 961 1190 anapaestorum
990 1147 1074 1177 usu
1104 1135 1376 1191 percipiatur.
1407 1134 1567 1177 Tamen
1599 1136 1727 1177 etiam

157 1202 396 1257 fragmenta
423 1203 611 1257 afferam,
643 1205 691 1244 ut
715 1202 872 1256 videas,
904 1216 987 1257 quo
1018 1202 1143 1244 modo
1169 1203 1386 1258 Euripidis
1416 1203 1589 1258 formae,
1621 1215 1727 1257 quas

159 1271 491 1326 observavimus,
524 1285 547 1313 a
578 1271 886 1327 posterioribus
915 1271 1052 1326 poetis
1084 1271 1298 1314 adhibitae
1329 1272 1426 1313 sint

303 1341 370 1381 Ac
399 1340 586 1394 primum
618 1339 790 1393 quidem
819 1339 1107 1394 fragmentum
1144 1340 1252 1381 illud
1282 1339 1461 1381 Telestis
1499 1340 1728 1393 hymenaei

160 1407 409 1459 describam,
435 1406 549 1461 quod
569 1408 819 1449 Athenaeus
844 1407 968 1448 nobis
995 1406 1124 1449 tradit
1148 1407 1257 1448 XIV
1280 1408 1398 1449 637a
1420 1409 1544 1460 (corr.
1557 1407 1726 1449 Wilam.

160 1476 206 1515 in
230 1475 439 1516 Timothei
467 1475 695 1517 Persarum
729 1475 914 1517 editione
944 1488 1036 1530 pag.
1060 1476 1128 1529 30,
1153 1477 1211 1530 1):

464 1542 596 1595 ἄλλος
627 1543 666 1584 δ’
688 1543 822 1586 ἄλλαν
854 1545 1038 1593 κλαγγὰν
1070 1544 1141 1594 ἱεὶς
1440 1544 1466 1584 2
1483 1557 1538 1585 an

462 1611 773 1665 κερατόφωνον
805 1611 960 1664 ἐρέθιζε
992 1611 1180 1666 μαγάδιν,
1438 1612 1463 1654 3
1481 1624 1628 1666 paeon.

463 1679 508 1720 ἑν
537 1679 787 1734 πενταράβῳ
820 1682 982 1732 χορδᾶν
1015 1679 1177 1734 ἀριθμῷ
1439 1680 1465 1721 2
1484 1693 1538 1721 an

462 1749 566 1800 χέρα
596 1749 902 1799 καμψιδίαυλον
933 1748 1237 1800 ἀναστρωφῶν
1437 1750 1462 1789 2
1481 1762 1535 1790 an

462 1830 594 1867 ταχος
615 1848 624 1857 .
648 1849 656 1857 .
680 1849 688 1856 .

160 1887 295 1930 Notae
321 1890 421 1929 sunt
443 1887 605 1930 formae
630 1887 922 1942 anapaesticae
948 1901 1013 1928 vv.
1038 1887 1075 1929 1.
1098 1889 1135 1929 3.
1158 1888 1268 1940 44⁰);
1301 1901 1339 1929 v,
1363 1888 1388 1929 2
1417 1902 1440 1929 e
1464 1888 1600 1929 tribus
1625 1901 1724 1941 pae-

161 1955 315 1996 onibus
337 1956 511 1996 constat.
551 1955 692 1996 Paeon
714 1956 897 1996 metrum
917 1954 1233 2009 anapaesticum
1254 1966 1437 2009 sequens
1466 1967 1489 1996 e
1511 1954 1727 2010 tragoedia

162 2025 288 2066 notus
325 2026 388 2066 est
424 2022 533 2079 (Hel.
558 2023 660 2078 644,
696 2037 788 2079 pag.
817 2023 909 2078 22);
952 2023 1256 2067 Alexandrinis
1293 2023 1553 2078 temporibus
1589 2037 1726 2078 paeon

160 2092 275 2132 inter
295 2093 543 2146 anapaestos
564 2091 867 2132 usitatissimus
888 2090 1058 2132 videtur
1076 2091 1222 2132 fuisse.
1248 2090 1474 2133 Habemus
1495 2091 1726 2133 metrorum

162 2161 508 2215 compositionem
535 2160 709 2219 Telestis
733 2160 968 2213 fragmento
1000 2160 1258 2207 simillimam
1279 2161 1326 2201 in
1346 2161 1571 2213 postremis
1593 2162 1725 2201 versi-

162 2226 242 2267 bus
274 2226 355 2268 Ovi
386 2227 500 2281 quod
531 2227 707 2268 vocatur
737 2226 893 2269 Simiae
929 2226 1009 2282 (ed.
1040 2226 1206 2269 Wilam.
1234 2227 1278 2268 in
1310 2224 1457 2269 Bucol.
1485 2226 1633 2270 Graec.
1661 2226 1725 2269 ed.

163 2294 242 2337 Ox,
260 2309 384 2349 pagg.
408 2295 578 2349 14819):

251 2362 341 2417 κᾷτ’
363 2363 453 2405 ὦκα
485 2366 590 2416 βοᾶς
621 2363 756 2406 ἀκοὰν
789 2363 984 2416 μεθέπων
1016 2363 1081 2413 ὅγ’
1104 2363 1223 2417 ἄφαρ
1255 2363 1405 2407 λάσιον

260 2437 263 2441 “
333 2432 580 2484 νιφοβόλων
603 2432 670 2475 ἀν’
681 2432 820 2483 ὀρέων
836 2432 1012 2474 ἔσσυται
1028 2432 1178 2484 ἄγκος·
1212 2433 1237 2473 3
1252 2439 1357 2480 an÷
1368 2433 1393 2472 2
1408 2445 1541 2486 paeon
1553 2431 1723 2479 ÷adon.

304 2522 349 2568 Β9)
372 2522 448 2558 Leo
465 2522 557 2568 (Die
580 2522 734 2568 plautin.
752 2522 905 2559 Cantica
926 2533 961 2558 u.
980 2522 1013 2558 d.
1027 2522 1213 2559 hellenist.
1229 2522 1362 2568 Lyrik’,
1384 2523 1563 2568 Abhdlgn.
1579 2522 1613 2558 d.
1629 2522 1723 2559 Gett.

163 2579 249 2615 Ges.
260 2579 294 2615 d.
305 2579 425 2623 Wiss.,
442 2579 718 2625 phil.-hist.·K1.,.
732 2579 774 2615 N.
789 2580 826 2615 F.
844 2580 860 2614 Ι
876 2580 898 2615 7
916 2579 1050 2625 (1897),
1068 2589 1150 2625 pag.
1167 2578 1213 2614 81
1228 2579 1297 2625 sq.)
1314 2579 1430 2615 verba
1448 2579 1468 2614 ὁ
1488 2580 1519 2614 δ’
1535 2579 1725 2614 ἀνέπτατ’-

162 2635 362 2679 πτερὺγων
386 2635 459 2670 tria
482 2637 602 2670 metra
626 2635 868 2680 anapaestica
893 2646 975 2670 esse
1000 2637 1117 2680 putat,
1142 2637 1222 2670 tum
1246 2635 1409 2681 quinque
1427 2637 1547 2671 metra
1564 2635 1726 2671 iambica

161 2691 278 2737 ponit,
305 2684 405 2736 'quae
437 2693 614 2737 sequatur
644 2691 840 2727 dochmius
867 2691 1013 2736 (ἔβαλον
1038 2692 1062 2725 ἁ
1085 2691 1264 2736 τλάμων).
1307 2691 1408 2736 Quae
1440 2691 1603 2736 digessio
1637 2691 1725 2726 mihi

163 2758 241 2783 non
270 2747 447 2794 probatur
478 2758 524 2783 ea
555 2746 602 2783 de
633 2758 759 2793 causa,
793 2747 893 2793 quod
923 2757 1109 2793 nusquam
1139 2747 1239 2793 apud
1263 2747 1477 2792 Euripidem
1508 2748 1581 2783 tria
1605 2751 1724 2783 metra

165 2804 409 2849 anapaestica
434 2803 594 2840 diaeresi
617 2814 694 2839 non
718 2804 970 2844 intercedente
995 2804 1154 2850 repperi.

305 2861 349 2907 ⁴⁰)
372 2860 625 2897 Monometros
642 2861 905 2907 anapaesticos
922 2860 1050 2896 notavi
1068 2861 1182 2897 etiam
1195 2861 1286 2897 Tim.
1296 2861 1396 2897 Pers.
1405 2861 1589 2904 99-100;
1608 2872 1641 2896 V.
1655 2860 1722 2896 101

73 2947 81 2954 ,
161 2917 440 2961 paroemiacum
455 2918 656 2961 habemus;
675 2919 881 2963 sequuntur
897 2917 1043 2953 dimetri
1059 2917 1310 2952 choriambici.
1336 2917 1588 2962 Anapaestica
1605 2919 1726 2952 metra

163 2971 278 3008 etiam
301 2973 388 3018 fgm.
407 2974 454 3009 25
470 2973 615 3012 Wilam.
642 2975 799 3010 exstant.
