2041 3293
928 165 1225 208 -50—

434 293 631 337 Clemens
642 293 736 349 ipse
747 297 1112 338 monometrorum
1123 304 1264 352 usum,
1277 293 1446 350 qualem
1456 291 1666 350 'optimum
1678 291 1857 352 putaret,

290 363 451 418 hymno
488 375 567 405 suo
599 361 894 406 demonstrare
923 363 970 405 in
1000 362 1141 406 animo
1171 362 1374 405 habuisse
1409 363 1726 407 mihi‘videtur.
1755 365 1857 417 ,Qui
1896 374 1899 375 ’

288 431 334 473 in
364 431 507 487 priore
538 431 741 473 carminis
764 432 886 487 parte
909 430 1213 487 appellationes
1237 443 1316 486 per
1337 432 1624 475 monometros
1648 432 1858 490 synaphia

288 511 508 558 connexos
539 498 771 542 decurrere
798 491 939 553 iussit,
970 498 1192 554 periodum
1223 498 1487 554 longioribus
1517 499 1675 541 formis·
1690 499 1861 556 clausit,

287 570 379 610 tum
409 567 457 609 in
480 569 600 623 parte
618 566 857 623 posteriore
879 566 1152 610 monometris
1175 566 1280 610 κατὰ
1301 567 1445 620 στίχον
1464 567 1692 622 usurpatis,
1714 568 1856 611 'nullas

279 635 450 677 ‘alienas
478 635 642 677 formas
671 635 924 690 adiungens,
959 635 1117 677 iterum
1147 634 1456 690 appellationes·
1479 634 1693 690 profudit:
1725 635 1856 688 λόγος

287 702 461 757 ἀέναος,
488 701 495 756 Ι
522 701 630 746 αἰὼν
672 700 876 756 ἄπλετος,
908 703 916 758 Ι
943 705 1042 756 φῶς
1085 703 1244 758 ἀίδιον,
1270 703 1278 758 1
1306 703 1453 755 ἐλέους
1497 704 1628 757 πηγή,
1661 701 1669 760 Ι
1703 695 1854 755 ῥεκῖτὴρ

287 771 440 823 ἀρετῆς
466 771 474 828 Ι
501 774 635 826 σεμνῇ
662 773 778 826 βιοτῇ
806 769 813 828 Ι
840 772 941 813 θεὸν
963 770 1227 826 ὑμνούντων,
1255 772 1261 827 Ι
1288 771 1441 824 xpm-e
1460 771 1611 827 Ἰησοῦ,
1635 771 1854 827 (34-41).

288 837 384 891 Qua
400 851 451 883 re
470 837 620 883 docuit
637 839 820 891 formam
837 839 1061 882 metricam
1082 839 1147 881 rei
1167 851 1260 882 esse
1280 837 1691 894 accommodandam,
1711 851 1854 894 neque

287 907 497 962 synaphi'a
525 905 747 960 utendum,
786 906 862 948 ubi
891 906 1128 948 sententiae
1168 907 1288 961 ipsae
1317 908 1434 950 omni
1464 907 1684 964 synaphia,
1715 911 1765 950 ut
1793 908 1854 950 ita

288 973 440 1029 dicam,
462 976 619 1018 carent
665 973 749 1017 Sed
770 975 813 1016 et
837 973 883 1014 id
902 986 1096 1028 premere
1117 974 1263 1028 voluit,
1289 980 1575 1017 monometros
1601 976 1854 1031 synaphiam

287 1042 563 1098 neglegentes
602 1055 688 1084 non
719 1042 842 1085 aliter
871 1055 922 1085 ac
952 1042 1064 1085 solos
1104 1054 1320 1098 purosque
1356 1040 1620 1085 adhibendos
1651 1054 1755 1098 esse,
1786 1043 1854 1085 sin

286 1112 431 1154 autem
461 1111 624 1154 alienae
654 1110 815 1153 formae
845 1124 944 1153 cum
975 1111 1038 1153 eis
1070 1111 1444 1165 coniungerentur,
1475 1111 1739 1166 synaphiam,
1769 1110 1853 1152 nisi

284 1179 395 1222 forte
437 1190 590 1221 sensus
633 1179 893 1234 quiesceret,
937 1177 1190 1221 servandam
1233 1190 1339 1221 esse.
1387 1177 1511 1229 Quod
1551 1179 1714 1233 optimo
1757 1179 1852 1221 iure

284 1244 512 1302 praecepit.
542 1246 653 1289 Nam
667 1246 818 1289 formis
833 1246 1234 1302 anapaesto-ionicis
1249 1245 1448 1288 omnibus
1462 1246 1628 1288 indoles
1646 1244 1854 1301 quaedam

284 1314 463 1358 stichica
504 1315 652 1358 innata
693 1316 802 1369 erat,
845 1315 1101 1358 monometri
1143 1316 1286 1357 autem
1324 1327 1462 1369 usqne
1495 1314 1557 1356 ad
1598 1313 1644 1356 id
1683 1321 1853 1370 tempus

283 1383 538 1439 synaphiam
562 1396 649 1425 non
673 1383 917 1438 omiserant,
949 1395 1081 1438 quare
1103 1383 1322 1426 stichicam
1346 1383 1693 1438 compositionem
1714 1383 1853 1444 fugie-

283 1450 397 1493 bant.
427 1450 655 1493 Praeterea
678 1452 784 1494 κατὰ
809 1452 969 1504 στίχον,
1000 1451 1026 1492 i.
1052 1464 1087 1493 e.
1113 1451 1322 1505 synaphia
1345 1451 1511 1504 omissa,
1533 1463 1620 1492 non
1641 1450 1854 1505 quaelibet

283 1520 420 1562 metra
462 1519 557 1561 sine
599 1517 749 1561 ordine
791 1519 1005 1574 permixta
1047 1518 1427 1574 componebantur,
1470 1518 1547 1560 sed
1589 1518 1699 1572 talia,
1742 1531 1851 1573 quae

281 1587 396 1628 inter
434 1599 482 1647 se
513 1587 670 1628 similia
710 1588 831 1628 erant
860 1589 936 1628 aut
973 1586 1060 1628 illis
1095 1585 1359 1640 temporibus
1400 1586 1555 1642 similia
1585 1584 1850 1628 videbantur.

282 1654 435 1709 Itaque
455 1653 494 1697 si
514 1655 768 1697 monometri
788 1654 1047 1710 anapaestici
1066 1654 1180 1696 inter
1193 1653 1393 1696 stichicas
1407 1654 1566 1696 formas
1583 1653 1851 1696 catalecticas
1915 1657 1918 1661 “

284 1721 606 1776 adhibebantur,
646 1723 731 1776 aut,
771 1723 820 1764 ut
853 1722 1017 1764 formae
1048 1735 1074 1763 a
1104 1721 1282 1764 stichico
1316 1734 1397 1763 usu
1428 1721 1602 1775 alienae,
1643 1734 1720 1776 per
1750 1733 1851 1775 syn-

283 1790 450 1845 aphiam
471 1789 790 1833 connectendae
819 1792 951 1844 erant,
983 1791 1057 1842 aut
1088 1789 1369 1844 catalecticae,
1400 1791 1450 1832 ut
1483 1801 1634 1831 versus
1670 1789 1851 1832 stichice

282 1858 488 1914 usurpati,
504 1857 758 1901 reddendae.
789 1857 942 1913 Neque
956 1857 1113 1900 desunt
1129 1859 1490 1900 monometrorum
1507 1857 1851 1900 catalecticorum

217 1921 223 1927 ”
284 1926 550 1982 documenta,
581 1927 695 1982 quod
729 1926 852 1970 brevi
880 1923 1136 1969 videbimus.

436 1995 557 2038 Duae
601 1995 736 2052 igitur
780 1996 1030 2051 anapaestos
1076 1994 1360 2051 componendi
1405 1996 1596 2038 rationes
1642 2008 1793 2039 novae
1827 2009 1852 2039 e

283 2064 516 2106 formarum
541 2063 868 2119 Euripidem-um
896 2063 1132 2106 imitatione
1163 2067 1280 2106 ortae
1305 2065 1425 2115 sunt;
1446 2065 1711 2122 ¹monometri
1737 2066 1851 2107 enim

285 2132 391 2175 κατὰ
422 2133 568 2184 στίχον
598 2130 920 2187 adhibebantur,
952 2135 994 2175 et
1024 2132 1171 2176 metris
1203 2132 1484 2188 anapaesticis
1514 2133 1633 2175 varia
1663 2133 1853 2176 membra
1880 2182 1887 2188 ,

285 2200 463 2243 metrica
496 2201 690 2255 (ου-κν»,
722 2222 875 2255 υψ--,
907 2223 970 2240 ου
989 2223 1061 2255 υ,,
1092 2202 1202 2255 ου..)
1243 2200 1548 2243 adiciebantur.
1590 2200 1675 2243 Hic
1714 2213 1852 2244 novus
1923 2201 1926 2205 '

283 2280 392 2311 usus
413 2268 516 2310 alias
536 2269 746 2311 novitates
778 2281 833 2311 ex
858 2281 904 2310 se
927 2269 1190 2324 procreavit3
1223 2271 1582 2325 monometrorum
1609 2269 1722 2311 enim
1748 2281 1852 2311 usus

285 2330 494 2380 stichicus
544 2335 812 2380 catalecticas
856 2336 1015 2380 formas
1065 2337 1393 2380 monometricas
1437 2337 1661 2380 instituere
1708 2339 1853 2393 poetas

285 2404 453 2461 docuit,-
475 2407 520 2446 et
548 2404 696 2446 metris
727 2405 1019 2461 anapaesticis,
1049 2408 1100 2447 ut
1130 2404 1319 2448 membra
1347 2404 1422 2446 illa
1452 2416 1560 2460 quae
1590 2404 1717 2448 modo
1748 2417 1853 2448 enu-

284 2473 459 2528 meravi,
479 2473 541 2516 ita
559 2471 772 2528 longiores
792 2469 963 2528 quoque
985 2473 1312 2528 compositiones
1334 2473 1536 2516 metricae
1552 2472 1664 2515 adici
1681 2474 1854 2528 coeptae

285 2543 397 2585 sunt.
1736 2580 1742 2585 ,

404 2609 663 2653 Monometri
704 2609 940 2653 catalectici
980 2610 1028 2652 in
1067 2610 1252 2652 Achillis
1293 2611 1453 2664 hymno
1494 2611 1680 2664 exstant,
1725 2622 1853 2663 quem

286 2678 568 2720 Philostratus
597 2675 730 2720 tradit
759 2677 914 2721 heroic.
937 2679 1020 2721 747
1033 2679 1108 2732 Μ);

703 2745 818 2799 Ἀχώ,
849 2748 963 2799 παρὰ
988 2747 1137 2804 μυρίον
1162 2745 1282 2799 ὕδωρ
1360 2763 1361 2766 ’

703 2813 888 2866 μεγάλου
918 2814 1087 2863 ναίοισα
1117 2815 1252 2867 πέραν
1283 2813 1445 2857 πόντου
1458 2827 1467 2836 ·

430 2908 477 2955 ”)
501 2908 733 2955 Apparatum
757 2906 928 2944 criticum
953 2907 1163 2954 composuit
1187 2908 1307 2955 Bergk
1331 2899 1534 2955 PoetsLyr.
1552 2908 1611 2944 Gr.
1629 2908 1677 2944 111
1707 2908 1788 2945 688.
1806 2927 1851 2935 -
1920 2957 1923 2960 ἱ

286 2966 326 3002 V.
344 2965 367 3001 2
391 2966 535 3009 πλευρὰ
559 2964 680 3009 codd„
705 2964 826 3009 πέραν
849 2963 1042 3011 Bergk.,—
1067 2965 1107 3001 V.
1127 2964 1172 3000 12
1200 2965 1345 3007 μέλεσιν
1369 2964 1547 3011 imposuit
1571 2960 1701 3011 Berss'k.
