2041 3293
958 106 988 116 Q

814 129 1176 213 ⁸—74‚-

190 268 194 273 θ
238 293 401 339 Phaed.
421 294 536 338 1123
547 307 650 350 sqq„
681 294 925 338 simillimus
956 299 1022 339 est
1052 296 1104 350 ei,
1128 308 1265 351 quem
1295 296 1350 338 ιιι-
1363 294 1583 351 Euripidis
1601 292 1814 341 monodiis
1878 277 1887 317 s
1948 296 1953 299 ”

238 347 575 417 observavimud,
611 362 695 404 nisi
726 352 842 417 quod
873 364 1089 420 anapaesti
1118 346 1240 419 apud
1262 359 1479 408 Senecam·
1494 363 1814 426 frequentiores

240 428 511 474 adhibentur.
546 430 663 474 Talia
690 430 832 474 autem
851 431 1090 488 polymetra
1108 433 1202 475 tum
1223 430 1357 476 etiam
1370 432 1497 489 apud
1507 431 1693 475 Graecos
1712 431 1815 475 nota·
1835 481 1840 486 N

239 497 377 540 fuisse
391 498 510 540 ‘Ara’
528 497 748 540 Besantini
766 501 810 539 et
823 498 1110 552 fragmentum
1126 493 1419 542 Ptolemaeuse
1433 500 1544 555 (pag.
1560 499 1634 553 45)
1649 491 1827 542 certum
1860 498 1865 502 “
1887 505 1892 510 ·
1975 466 2041 528 -ΨῙῨ

225 562 437 607 -reddunt,
490 564 643 607 Graeci
681 564 816 620 igitur
849 570 1000 622 poetae
1039 565 1177 622 primo
1221 566 1393 611 saeculo
1437 565 1677 615 Christiano
1720 566 1814 609 sine

241 630 374 674 dubio
413 632 691 688 hypermetra·
725 634 1005 688 anapaestica‚
1042 645 1152 688 quae
1189 637 1328 689 usque
1364 634 1419 677 ad
1453 634 1499 676 id
1536 637 1704 693 tempus
1740 638 1816 676 aut

240 700 435 755 parciora
454 702 530 742 aut
547 699 842 755 frequentiora
862 700 976 744 inter
995 700 1156 744 alienas
1170 700 1330 745 formas
1343 702 1504 757 lyricas
1519 700 1815 756 adhibuerant,
1834 735 1835 739 ,

241 768 343 810 tum.
355 763 664 822 separaverunt
683 769 728 810 et
748 767 938 814 carmina
959 781 1015 811 ex
1036 769 1099 811 eis
1121 768 1223 812 solis
1243 773 1585 825 composuerunt.
1616 769 1814 812 Secundo
1846 762 1851 768 ’

242 835 414 878 saeculo
446 835 628 879 dimeter
656 836 731 879 ille
761 835 944 880 diaeresi
974 849 1124 880 carens
1153 838 1268 879 inter
1296 840 1583 879 monometros
1618 839 1814 892 receptus

242 906 318 958 est,
358 916 446 959 qua
483 916 552 947 rer
572 903 845 960 hypermetra
884 917 908 948 e
949 903 1141 947 dimetris
1181 908 1225 948 et
1263 905 1539 948 monometris
1576 909 1669 948 orta
1694 907 1814 957 sunt,

241 980 423 1025 quorum
442 973 768 1014 monumentum
788 972 1195 1027 praestantissimum
1218 972 1405 1027 hymnus
1419 971 1493 1015 ille
1507 971 1815 1031 Philostrateus

242 1040 302 1093 εἰς
327 1041 449 1084 Θέτιν
474 1040 661 1096 praebet.
694 1034 891 1084 Clemens
921 1044 1066 1084 autem
1095 1041 1280 1096 primum
1313 1040 1584 1094 hypermetra
1615 1052 1639 1082 e
1669 1053 1815 1082 mono-

240 1109 390 1151 metris
426 1109 662 1164 composita
697 1108 880 1151 mutavit
914 1109 962 1150 in
998 1112 1283 1153 monometros
1319 1119 1398 1162 per
1433 1106 1684 1162 synaphiam
1715 1120 1816 1150 con-

239 1187 388 1230 nexos,
420 1179 524 1231 tum,
555 1175 766 1232 synaphia
795 1175 973 1230 sublata,
1005 1189 1029 1219 e
1059 1174 1258 1219 versibus
1282 1174 1601 1218 monometricis
1627 1176 1816 1218 carmina

241 1255 428 1298 pangere
460 1255 564 1286 suae
593 1244 743 1286 aetatis
774 1245 921 1300 poetas
946 1244 1103 1287 docuit

386 1310 506 1354 Haec
527 1315 639 1366 sunt,
665 1324 774 1367 quae
796 1311 850 1354 de
866 1312 1149 1367 hypermetris
1171 1311 1452 1367 anapaesticis
1472 1309 1653 1353 dicenda
1669 1310 1814 1370 habeo.

240 1378 441 1422 Adiciam
471 1378 776 1422 nonnullorum
807 1381 1179 1437 monumentorum
1211 1379 1472 1422 Gra-ecorum
1503 1380 1547 1421 et
1566 1377 1815 1421 Latinorum

205 1447 209 1451 '
241 1446 549 1505 tractationem,
570 1459 755 1502 quorum
776 1459 846 1489 ars
868 1447 1044 1490 metrica
1064 1446 1205 1490 adhuc
1225 1446 1356 1489 dubia
1377 1449 1477 1490 erat.
1516 1445 1816 1501 Fragmentum

241 1514 400 1567 hymni
430 1514 489 1572 εις
521 1514 607 1557 Δία
644 1505 697 1556 'ab
729 1513 920 1556 Aristide
950 1515 1021 1567 4‘7,
1049 1515 1106 1555 30
1143 1513 1347 1555 traditum
1384 1515 1527 1555 utrum
1566 1525 1624 1555 ex
1660 1513 1815 1569 hyper-

221 1581 387 1625 vmetris
413 1581 652 1624 constiterit
675 1595 731 1624 an
754 1583 988 1636 systemata
1007 1581 1256 1624 formaverit
1270 1581 1536 1636 paroemiaco
1553 1580 1744 1622 absoluta
1753 1582 1818 1638 ⁸⁹),

240 1647 419 1691 dubium
453 1652 527 1703 est,
560 1662 659 1691 cum
689 1661 904 1704 perpauca
934 1648 1059 1690 modo
1075 1649 1327 1712 supersint:

527 1725 614 1768 Δία
642 1727 733 1768 τὸν
752 1725 927 1768 πάντων
958 1724 1124 1768 ὕπατον
1155 1727 1290 1780 κλῄζω
1313 1758 1322 1766 .
1345 1758 1353 1766 .
1378 1758 1385 1767 .

526 1793 640 1835 πολὺ
673 1793 753 1844 γὰρ
784 1793 893 1835 πολύ
927 1805 996 1845 μοι
1025 1793 1074 1835 τὸ
1109 1792 1244 1845 μέσον
1278 1792 1421 1845 βιότου

528 1862 698 1912 μέλπειν
728 1875 773 1903 τε
804 1862 933 1912 θεοὺς
964 1861 1009 1902 ἑν
1041 1861 1078 1903 τ’
1101 1860 1396 1913 εὐφροσύναις

527 1928 632 1981 ἦτορ
664 1928 807 1971 ἰαίνειν
838 1928 922 1971 ὑπὸ
953 1928 1200 1983 παιδονόμῳ

526 1998 678 2051 τοιῷδε
700 2028 709 2037 .
732 2028 741 2036 .
764 1997 837 2048 ,35)

241 2071 469 2127 Porphyrii
480 2072 535 2124 ⁸⁴)
580 2070 665 2113 duo
711 2071 950 2127 fragmenta
995 2071 1145 2125 hymni
1191 2072 1248 2131 εἰς
1290 2071 1529 2114 Ἀπόλλωνα
1572 2073 1715 2113 utrum
1759 2083 1813 2113 ex

241 2135 526 2198 hypermetris
557 2139 827 2182 constiterint
856 2152 912 2181 an
943 2151 967 2181 e
999 2139 1271 2181 monometris
1302 2139 1552 2194 Synesianis
1583 2137 1706 2190 valde
1736 2138 1814 2182 du-

240 2207 364 2261 bites,
402 2220 502 2258 cum
532 2207 742 2263 synaphia
771 2219 977 2263 persaepe
1007 2208 1207 2263 corrupta
1237 2207 1303 2249 sit.
1355 2204 1568 2261 Equidem
1604 2201 1812 2261 hymnum

243 2287 298 2318 ex
330 2274 615 2330 hypermetris
647 2274 940 2330 compositum,
972 2275 1236 2331 synaphiam‚
1267 2275 1386 2318 utin
1405 2270 1570 2318 Juli'ani
1590 2274 1813 2328 cantilena,

387 2377 435 2424 ⁸⁸)
459 2376 587 2424 Neque
612 2377 712 2414 enim
737 2377 804 2416 ina
827 2379 953 2416 aetate
985 2380 1190 2426 systemata
1212 2377 1367 2416 formari
1392 2377 1515 2416 desita
1538 2381 1637 2416 sunt.
1677 2377 1814 2424 Super·

241 2438 330 2473 sunt
355 2435 431 2472 duo
454 2434 664 2480 fragmenta
688 2435 819 2481 hymni
839 2435 883 2472 <in
911 2435 1123 2480 Apollinem
1148 2435 1474 2481 (Porphyrius'ed.
1499 2435 1640 2479 Nauck,
1665 2434 1812 2480 pag.‘6l

242 2494 280 2528 et
303 2491 344 2528 in
368 2490 551 2529 librorum
586 2489 633 2527 de
656 2490 894 2538 philosophia
927 2502 974 2528 ex
998 2491 1161 2529 oraculis
1195 2490 1403 2529 haurienda
1435 2491 1652 2538 fragmentis
1687 2489 1744 2526 ed.
1770 2489 1812 2527 G.

240 2549 361 2593 Wolff,
385 2558 471 2595 pag.
490 2546 587 2593 159),
613 2557 708 2593 quae
732 2547 960 2593 parodorum
977 2550 1204 2593 anapaestos
1221 2546 1360 2589 imitari
1376 2547 1581 2584 verisimile
1598 2549 1667 2591 est,-
1678 2556 1813 2592 ,quam-

241 2609 354 2651 quam
380 2606 418 2639 et
433 2603 562 2640 hiatus
587 2602 702 2638 semel
727 2602 888 2640 occurrit
912 2603 952 2639 in
976 2602 1060 2650 ipso
1077 2604 1292 2650 systemate,
1318 2613 1441 2650 neque
1465 2603 1593 2639 omnia
1608 2600 1813 2649 systemata

178 2662 182 2665 '
242 2679 288 2687 -
312 2659 468 2697 vixdum
491 2659 565 2695 hac
589 2667 682 2694 voce
716 2659 812 2702 tales
838 2657 1141 2705 compositiones
1162 2660 1312 2705 signare
1342 2659 1453 2695 nobis
1485 2658 1573 2695 licet
1602 2677 1650 2686 ·-—
1681 2667 1813 2703 paroe-

241 2715 365 2751 miaco
390 2714 575 2750 conclusa
597 2712 715 2749 fuisse
739 2714 926 2751 videntur.
964 2714 1039 2751 Sed
1062 2714 1162 2751 hanc
1186 2724 1266 2751 rem
1292 2714 1519 2761 singularem
1550 2714 1627 2750 iam
1650 2713 1691 2749 in
1714 2713 1811 2761 frag-

241 2772 370 2808 mento
394 2769 632 2808 Berolinensi
657 2779 771 2815 supra
801 2770 899 2818 (pag.
925 2770 994 2816 29).
1010 2770 1303 2807 observavimus.

384 2826 432 2872 ⁸⁸)
457 2826 588 2872 τοιῷδ’
605 2825 683 2861 ὑπὸ
709 2837 747 2861 π.
774 2826 894 2872 codd„
919 2826 1069 2863 traiecit
1093 2825 1408 2873 Wilamowitzius.

305 2902 307 2904 ·
383 2882 432 2930 ⁸⁴)
456 2881 653 2920 Librorum
688 2880 735 2918 de
759 2882 995 2930 philosophia
1029 2894 1076 2919 ex
1100 2882 1263 2920 oraculis
1287 2882 1497 2920 haurienda
1520 2882 1729 2928 fragmenta
1753 2882 1821 2933 ed(
1918 2881 1934 2887 ⁶
2020 2874 2034 2895 s

240 2939 283 2976 G.
300 2938 422 2985 Wolff,
446 2949 530 2986 pag.
548 2939 628 2975 125.
