2041 3293
894 181 949 189 ..-
1012 158 1187 200 54...

250 285 538 338 brev'iant'ium
568 300 682 346 quae
713 289 872 333 dicitur
900 287 1126 333 verborum
1159 287 1389 331 adornatio
1405 287 1451 330 in
1475 257 1840 352 hexamekmfobs
1891 299 1901 303 '⁴
1934 302 1937 305 ·
1964 262 1985 307 λ’
2002 275 2041 347 ζζ

247 359 420 402 servata
454 357 848 402 luculentissimum
883 357 1174 411 testimoninm
1203 359 1280 400 est.
1332 355 1538 409 Quamvis
1572 356 1689 402 enim
1718 368 1822 413 qua-
1907 384 1926 395 „x
1979 358 2011 387 ’ῑ

193 438 198 445 “
247 423 347 478 litas
386 426 652 483 syllabarum
687 430 731 471 et
766 423 990 483 quantitas·
1017 426 1063 468 in
1098 425 1247 482 primis
1282 425 1486 480 quattuor
1517 422 1701 480 pedibus
1735 423 1823 467 dis-
1875 424 1879 429 ’

250 495 451 550 sentiant,
482 495 719 539 concinunt
747 496 794 538 in
824 495 986 538 ultimis
1016 493 1196 548 duobus,
1226 490 1314 548 quil
1325 491 1538 536 adoneum
1562 492 1748 536 formant
1757 491 1821 550 ιθ).

248 562 413 606 oona-a
446 563 494 606 in
528 563 705 613 adoneis
740 564 856 606 inter
890 564 1139 619 anapaestos
1173 561 1358 617 receptis
1392 560 1498 604 ictui
1534 552 1685 603 versus
1722 568 1821 603 oum
1895 577 1901 583 ·
1986 538 1988 540 ’
2031 618 2035 626 1

251 631 371 674 vocis
406 634 589 674 accentu
624 630 895 686 discordiam,
933 643 1019 687 qua
1053 630 1191 674 maior
1225 628 1402 685 cogitari
1431 629 1507 671 vix
1537 629 1687 684 potest,
1718 627 1823 671 oriri

249 708 430 744 necesse
460 703 536 741 est.
585 696 698 741 Nam
725 699 840 754 apud
871 699 1085 743 Romanos
1116 702 1160 742 et
1188 698 1417 741 verborum
1448 700 1491 739 et
1520 708 1721 749 vensuum
1752 706 1822 739 ac-

251 768 405 810 centus
436 766 720 822 expiratoriae
751 769 930 818 naturae
960 771 1072 822 sunt,
1102 766 1219 809 unde
1248 765 1312 821 fit,
1344 767 1392 808 ut
1419 767 1543 808 iuxta
1561 764 1823 821 positi‘inter

248 845 298 877 se
336 835 587 891 oppugnent
626 838 669 876 et
707 834 814 877 alter
851 834 1028 886 alterius
1071 835 1160 876 vim
1198 835 1322 889 quasi
1363 833 1598 888 infringere
1639 831 1820 875 studeat.

250 901 380 958 Apud
410 898 622 957 Graecos,
635 905 690 944 ιιι
720 902 796 957 qui
817 901 998 944 diversis
1017 901 1103 943 illis
1125 901 1374 944 accentibus
1393 902 1570 946 utantur
1591 923 1646 931 -—-
1667 910 1821 955 nempe

247 968 459 1012 sermonis
488 969 751 1011 chromatico
782 980 910 1023 quem
942 967 1102 1023 dicunt,
1133 979 1336 1012 versuum
1350 968 1627 1025 expiratorio
1654 979 1705 999 -—·-
1734 966 1823 1010 col—

247 1035 344 1078 lisio
376 1035 561 1079 duorum
590 1039 868 1079 accentuum
865 1036 993 1091 paris
1023 1039 1202 1079 naturae
1231 1036 1329 1079 fieri
1360 1036 1533 1078 omnino
1562 1047 1649 1078 non
1671 1037 1819 1090 potest.
1900 1088 1901 1091 Ἰ
1983 1027 1987 1033 “

248 1103 392 1154 Quare
432 1103 621 1146 adoneus
649 1104 842 1155 -Graecis
881 1105 1069 1146 insertus
1107 1105 1348 1160 anapaestis
1388 1100 1509 1145 nihil
1534 1103 1697 1145 insoliti
1737 1113 1820 1146 nec

247 1171 347 1216 duri
377 1171 580 1226 habebat3
617 1171 665 1215 in
682 1179 749 1216 're
785 1173 961 1216 metrica
990 1171 1145 1216 Latina
1172 1172 1287 1217 idem
1316 1173 1432 1216 inter
1460 1173 1727 1228 anapaestos·
1747 1171 1821 1214 ad—

247 1241 406 1283 missus
443 1241 593 1298 miram
631 1241 847 1296 quandam
883 1241 983 1283 vim·
1001 1241 1071 1284 vel
1107 1236 1233 1284 etiam
1271 1240 1516 1284 violentiam
1552 1238 1730 1283 auribus
1760 1243 1820 1282 at*
1869 1247 1878 1251 ”

248 1321 332 1364 que
369 1309 518 1351 sensui
554 1308 703 1352 adfert.
761 1309 951 1352 Maxime
987 1309 1121 1365 igitur
1157 1308 1338 1353 idoneus
1377 1309 1450 1352 hic
1489 1307 1678 1351 adoneus
1718 1311 1819 1362 erat,

247 1388 333 1430 quo
364 1378 515 1431 poetae
545 1378 770 1419 uterentur
800 1378 844 1419 et
874 1377 928 1418 ad
965 1376 1288 1419 describendam
1323 1377 1456 1418 animi
1493 1376 1819 1419 commotionem

246 1445 292 1486 et
329 1443 384 1486 ad
423 1455 549 1487 aures
589 1443 824 1500 legentium
862 1445 956 1500 ipsa
993 1445 1119 1487 metri
1154 1444 1382 1488 insolentia
1415 1444 1740 1499 perfringendas
1777 1445 1820 1486 et

245 1511 538 1567 pelliciendas.
584 1511 922 1554 Observantibus
946 1510 1070 1554 nobis
1095 1512 1218 1555 hanc
1233 1511 1494 1568 singularem
1514 1511 1685 1568 linguae
1705 1511 1819 1554 Lati—

245 1592 329 1623 nae
359 1579 660 1623 condicionem
689 1593 778 1623 non
807 1580 964 1622 mirum
995 1580 1132 1623 videri
1156 1583 1313 1637 potest,
1343 1580 1458 1636 quod
1489 1582 1658 1636 praeter
1687 1581 1819 1623 Grae-

248 1660 349 1691 cum
384 1647 509 1690 illum
545 1647 804 1690 adoneorum
840 1660 987 1703 usum,
1031 1648 1107 1703 qui
1144 1647 1373 1691 variandae
1411 1648 1586 1691 dictioni
1625 1649 1818 1703 inservit,

246 1707 373 1759 alius'
388 1715 502 1772 apud
533 1715 739 1759 Senecam
769 1716 989 1759 invenitur
1017 1716 1141 1772 isque
1173 1712 1346 1773 duplex,
1377 1718 1506 1772 prout
1534 1716 1690 1759 adonei
1718 1729 1818 1759 ana-

245 1784 406 1839 paestis
451 1788 528 1826 aut
572 1784 725 1826 mediis
769 1785 1068 1837 immiscentur
1104 1786 1186 1826 'aut
1231 1783 1491 1839 exeuntibus
1535 1783 1817 1826 subiciuntur.

245 1852 391 1907 Atque
423 1851 477 1895 de
506 1851 715 1894 immixtis
745 1851 831 1894 illis
855 1850 1030 1895 adoneis
1055 1852 1163 1900 baec
1182 1852 1429 1908 praedicare
1454 1852 1577 1895 licet:
1609 1851 1673 1895 eis
1697 1851 1818 1907 locis,

245 1916 405 1976 quibus
427 1932 499 1963 res
520 1933 700 1976 magnae
720 1922 969 1970 tractantur,
1000 1920 1157 1976 quibus
1181 1921 1346 1963 animos
1365 1919 1629 1972 audientium
1650 1922 1829 1977 permo-'

245 1989 339 2031 veri
368 1990 494 2044 poeta
522 1987 703 2043 volebat,
733 1988 888 2030 adonei
918 1990 1153 2031 occurrunt
1180 1989 1344 2039 iterati;
1381 1989 1612 2047 praecipue
1641 1988 1695 2030 ad
1724 1998 1817 2031 rem

243 2068 419 2112 gravem
449 2055 663 2110 quandam
695 2058 770 2098 aut
799 2053 990 2098 flebilem
1021 2059 1096 2098 aut
1125 2055 1358 2099 terribilem
1388 2055 1714 2107 describendam
1744 2056 1818 2099 ad·-

245 2120 446 2166 hibentur
458 2125 523 2178 ¹¹¹).
566 2123 667 2166 Alia
696 2125 840 2166 autem
872 2124 1009 2166 virtus
1040 2136 1187 2167 eorum
1214 2124 1476 2172 ado‘neorum
1503 2125 1579 2179 qui
1599 2123 1816 2167 clausulae
1848 2129 1854 2134 ‘

244 2191 389 2234 locum
420 2193 569 2234 tenent
597 2190 771 2234 videtur
800 2202 918 2243 esse3
950 2192 1011 2234 ita
1029 2192 1147 2235 enim
1169 2192 1403 2235 clausulam
1425 2190 1632 2235 adoneam
1652 2192 1816 2235 Seneca
1845 2190 1849 2195 '

245 2259 478 2314 adornavit,
512 2263 568 2302 ut
607 2272 658 2302 ea
692 2259 822 2315 longo
859 2259 1000 2302 ordini
1036 2262 1270 2303 metrorum
1308 2272 1410 2304 vere
1449 2251 1816 2316 anapaesticorum

244 2326 392 2371 addita
420 2331 496 2370 aut
523 2328 654 2371 totius
684 2328 922 2372 sententiae
951 2328 1086 2372 finem
1117 2328 1282 2372 indicet
1300 2332 1376 2372 aut
1393 2330 1557 2385 partem
1578 2329 1815 2372 sententiae

394 2434 439 2481 ¹⁸)
456 2433 509 2470 Cf.
523 2433 696 2480 Corssen‚
710 2434 958 2482 Aussprache‚
972 2434 1207 2473 Vokalismus
1223 2435 1301 2472 und
1313 2436 1509 2483 Betonung
1527 2436 1562 2473 d.
1575 2436 1639 2473 lat.
1650 2415 1815 2482 Sprache

241 2490 376 2592 8333
399 2489 587 2593 Iplagpgg7
587 2490 658 2527 969
681 2501 773 2538 sqq,
807 2495 846 2527 et
879 2491 1254 2536 Gleditseh,Met1-ik
1286 2491 1321 2529 d.
1345 2491 1529 2563 Griechen
1565 2491 1644 2529 und
1677 2490 1815 2530 Rdmer

391 2603 432 2649 ¹¹)
458 2602 543 2639 Non
568 2601 698 2665 ignoro
723 2605 761 2639 et
785 2603 950 2640 Graecos
974 2606 1107 2650 poetas
1131 2604 1301 2652 dactylos
1325 2604 1423 2643 inter
1444 2586 1692 2653 anapaestos
1699 2612 1814 2655 saepe
1849 2639 1853 2643 ,
1912 2624 1914 2627 v
1985 2600 1989 2608 '

242 2659 299 2697 rei
323 2658 481 2696 alicuius
507 2658 691 2705 gravioris
716 2660 954 2697 extollendae
978 2671 1098 2697 causa
1122 2661 1349 2705 adhibuisse,
1376 2662 1477 2708 quod
1492 2661 1693 2708 praecipue
1709 2661 1815 2698 Euri—

242 2715 351 2763 pides
372 2716 498 2752 facere
514 2714 674 2760 solebat,
690 2716 958 2753 recentioribus
975 2717 1205 2763 temporibus
1223 2718 1326 2754 velut
1341 2717 1594 2765 Porphyrius·
1585 2727 1624 2754 ιιι
1640 2716 1814 2755 versibus

241 2772 318 2809 illis
343 2782 439 2819 quos
462 2772 564 2810 infra
588 2771 745 2809 afferam
769 2771 865 2819 (pag.
884 2773 944 2819 75)
969 2773 1103 2810 ἵστατο
1131 2775 1199 2817 μὲν
1212 2777 1272 2817 ίγᾱ
1287 2785 1367 2822 sqq.
1391 2774 1468 2811 Sed
1482 2774 1545 2810 hic
1559 2784 1652 2811 usus
1675 2774 1814 2811 adven·

239 2828 354 2865 ticina
379 2830 461 2864 erat
483 2830 526 2865 ut
548 2828 605 2865 ita
628 2827 763 2873 dicam,
788 2837 910 2876 neque
934 2839 1022 2865 cum
1045 2829 1232 2867 industria
1256 2830 1515 2877 quaerebatur.
1547 2829 1655 2876 Quod
1678 2830 1814 2878 attinet

241 2878 291 2922 ad
312 2884 507 2931 Plautum,
541 2883 714 2932 dactylos
748 2883 922 2931 admittit,
953 2888 995 2923 ut
1024 2885 1103 2923 fors
1135 2887 1218 2932 fert,
1251 2887 1397 2933 quibus
1416 2888 1559 2925 nullam
1588 2887 1666 2950 vim
1690 2887 1812 2934 πάθη·
1858 2935 1869 2939 ..
1908 2914 1913 2924 .

239 2941 348 2985 τικήν
371 2941 518 2977 subicit.
