2041 3293
830 161 1120 219 ...19-

339 305 495 361 Restat,
534 309 585 349 ut
616 307 892 349 dimetrorum
932 306 1297 362 anapaesticorum
1336 307 1545 363 originem
1583 308 1759 352 investi-

194 386 359 430 gemus.
406 374 507 417 Sine
539 375 668 418 dubio
698 378 847 431 poetae
876 376 1027 429 tragici
1058 376 1138 418 hac
1167 376 1305 418 forma
1329 377 1567 419 carminum
1591 377 1759 420 threne-

194 443 380 484 ticorum
418 455 546 484 usum
576 439 729 485 imitati
765 447 876 498 sunt,
915 443 962 484 in
992 443 1149 497 quibus
1169 442 1280 485 bina
1320 445 1455 486 metra
1490 445 1759 499 anapaestica

194 510 241 552 in
261 523 397 552 unum
429 511 668 554 membrum
691 511 752 553 ita
772 510 968 554 contrahi
986 511 1152 565 licebat,
1183 515 1232 553 ut
1251 511 1455 554 diaeresis
1481 513 1756 555 omitteretur.

194 577 338 620 Huius
368 578 566 621 licentiae
595 579 839 621 testimonia
867 579 1112 621 invenimus
1149 575 1244 620 non
1268 579 1438 633 quidem
1470 580 1517 621 in
1549 580 1757 634 Aeschyli

193 645 348 700 Persis,
369 646 445 687 sed
468 647 515 687 in
534 646 716 688 Hecuba
733 645 978 701 Euripidea,
1001 658 1111 700 quae
1133 646 1278 688 fabula
1297 650 1392 701 post
1410 647 1609 689 threnum
1633 647 1755 689 illum

193 714 420 756 Persarum
442 715 778 756 vetustissimum
800 715 949 756 talium
970 715 1205 757 carminum
1229 715 1475 770 exemplum
1496 716 1755 770 servavit²⁶).

171 782 274 825 -His
305 795 475 837 quoque
506 782 707 837 dimetris,
744 796 851 838 quos
881 783 1138 825 threneticos
1169 796 1382 837 vocemuS,
1418 785 1464 825 in
1495 784 1756 839 antistropha

192 864 278 893 non
300 864 394 892 raro
417 850 501 893 duo
523 851 776 893 monometri
790 850 1115 906 respondebant,
1137 851 1251 905 quod
1273 855 1447 906 apparet
1467 865 1523 894 ex
1543 852 1756 894 cantilena

190 918 363 973 lugubri
382 918 590 961 Troadum
600 914 665 972 2'7).
710 919 835 961 Hanc
863 920 996 973 igitur
1024 919 1240 961 licentiam
1271 923 1419 974 poetae
1450 913 1601 973 tragici
1626 920 1753 961 etiam

190 986 237 1027 in
253 985 347 1028 aliis
369 986 636 1040 carminibus,
653 986 691 1027 si
705 990 952 1041 anapaestos
967 986 1217 1040 formabant,
1233 986 1447 1029 interdum
1465 986 1753 1042 admittebant,

190 1067 278 1095 non
317 1053 488 1108 quidem
531 1054 615 1095 iam
655 1054 915 1108 Aeschylus,
956 1054 1115 1109 quippe
1156 1055 1241 1108 qui,
1281 1056 1331 1096 ut
1371 1053 1570 1108 diximus,
1611 1068 1666 1097 ne
1706 1056 1752 1096 in

189 1113 439 1163 threnorum
470 1117 644 1175 quidem
673 1122 910 1177 anapaestis
941 1121 1151 1164 diaeresin
1181 1121 1430 1177 neglexerit.

332 1189 482 1243 Neque
522 1202 624 1231 vero
655 1189 728 1231 hie
765 1202 872 1231 usus
911 1190 983 1243 ita,
1023 1194 1072 1230 ut
1102 1191 1466 1232 monometrorum
1504 1190 1750 1245 lyricorum,

190 1258 306 1299 ortus
338 1258 414 1311 est,
447 1269 546 1299 cum
575 1257 701 1299 facile
733 1269 788 1299 ex
820 1258 990 1309 θρήνοις
1020 1257 1067 1298 11]
1086 1257 1175 1299 alja
1200 1258 1388 1299 carmina
1412 1258 1639 1300 translatus
1664 1259 1748 1310 est;

190 1325 304 1379 quod
343 1325 565 1379 intellegas
597 1338 653 1366 ex
668 1326 763 1367 ,hac
793 1338 840 1367 re
871 1325 1133 1379 gravissima.
1186 1325 1294 1367 Cum
1325 1326 1440 1367 enim
1474 1326 1649 1368 licentia
1678 1326 1752 1367 ina

189 1393 340 1449 longae
371 1393 559 1448 syllabae
600 1392 893 1436 dissolvendae
925 1406 979 1436 ex
1010 1393 1266 1449 parodorum
1303 1394 1541 1449 anapaestis
1570 1394 1618 1435 in
1647 1394 1750 1448 lyri-

189 1475 334 1503 carum
365 1462 548 1516 partium
580 1463 867 1504 monometros
898 1462 1107 1516 transiret,
1145 1475 1233 1503 non
1261 1463 1431 1504 transiit
1458 1463 1505 1503 in
1537 1462 1749 1504 dimetros.

189 1528 272 1580 Qui
292 1532 462 1584 praeter
482 1529 692 1584 spondeos
718 1529 821 1571 alias
845 1528 1002 1571 formas
1025 1542 1113 1571 non
1134 1529 1408 1584 recipiebant.
1460 1530 1596 1572 Usum
1619 1530 1751 1584 igitur

187 1597 463 1641 dimetrorum
501 1598 736 1652 lyricorum
752 1610 822 1640 »ex
853 1597 1016 1650 threnis
1055 1599 1204 1652 poetae
1245 1600 1461 1652 ceperunt,
1500 1600 1748 1653 anapaestos

182 1665 397 1707 formandi
427 1666 635 1707 rationem
665 1665 837 1707 aliunde
868 1668 1152 1720 sumpserunt.
1177 1686 1181 1689 ·

327 1733 518 1776 Accedit⁴
552 1734 763 1790 quaestio,
790 1733 930 1775 altera.
993 1732 1144 1787 Neque
1190 1733 1303 1775 enim
1349 1733 1464 1775 inter
1505 1733 1658 1775 Persas
1702 1735 1746 1775 et

183 1800 408 1843 Hecubam
423 1801 687 1843 threnorum
727 1800 923 1855 exempla
952 1800 1171 1853 habemus,
1212 1800 1368 1854 quibus
1408 1804 1617 1855 appareat,
1659 1814 1744 1855 quo

182 1869 374 1924 tempore
414 1868 616 1911 diaeresis
647 1869 693 1910 in
724 1868 963 1923 anapaestis
1002 1868 1249 1910 threneticis
1290 1868 1460 1923 neglegi
1500 1872 1649 1923 coepta
1678 1869 1745 1923 sit,

176 1950 323 1992 ,neque
354 1938 456 1979 satis
492 1937 644 1979 multas
681 1936 918 1991 tragoedias
949 1936 1171 1991 Sophoclis
1203 1939 1245 1979 et
1273 1936 1490 1991 Euripidis
1526 1937 1744 1992 habemus,

182 2008 231 2047 ut
261 2006 455 2060 sciamus,
487 2007 593 2048 uter*
611 2006 729 2061 prior
757 2018 868 2048 novo
893 2005 993 2051 usui
1017 2004 1295 2047 dimetrorum
1314 2005 1546 2060 lyricorum
1571 2018 1743 2061 operam

182 2073 356 2117 dederit.
386 2074 518 2125 Quas
542 2087 610 2117 res
635 2078 777 2117 tamen
802 2073 1024 2118 omnesad
1044 2076 1207 2115 certum
1228 2074 1365 2128 redigi
1385 2086 1508 2128 posse
1529 2074 1740 2128 existimo,

180 2143 219 2183 si
249 2143 398 2185 tertiae
427 2143 589 2185 formae
609 2142 913 2197 anapaesticae,
945 2153 1054 2195 quae
1083 2142 1130 2182 in
1154 2141 1344 2195 partibus
1366 2141 1516 2195 lyrici's
1542 2142 1740 2196 occurrit,

180 2212 375 2252 naturam
406 2212 448 2253 et
477 2210 667 2252 radicem
698 2210 1034 2264 cognoverimus.

322 2278 411 2320 Iam
442 2278 575 2334 igitur
593 2278 752 2321 formas
771 2277 866 2320 illas
888 2280 1130 2332 tractemus,
1162 2289 1267 2332 quas
1288 2277 1739 2333 anapaesto-iambicas

180 2358 309 2401 supra
338 2349 445 2401 (pag.
464 2347 535 2400 11)
565 2347 823 2388 vocavimus.
863 2347 988 2388 Unus
1018 2349 1282 2388 monometer
1312 2347 1606 2401 anapaesticus
1638 2359 1738 2388 cum

179 2416 313 2458 metro
334 2415 516 2457 iambico
538 2415 734 2469 sequenti
753 2415 814 2457 ita
834 2415 1118 2469 coniungitur,
1140 2416 1189 2456 ut
1208 2427 1344 2456 unum
1359 2427 1531 2457 versum
1552 2427 1738 2469 eumque

175 2497 215 2527 a.
232 2482 435 2526 membris
463 2483 661 2524 finitimis
690 2496 768 2538 per
797 2483 1009 2525 diaeresin
1039 2483 1282 2525 seiunctum
1312 2482 1536 2537 formet28).
1569 2481 1662 2532 Qua
1690 2483 1737 2523 in

122 2579 125 2580 ν
179 2551 483 2607 compositione
529 2553 713 2593 metrum
758 2551 1073 2606 anapaesticum
1118 2551 1280 2592 nullam
1325 2551 1505 2593 formam
1555 2551 1739 2592 admittit

176 2620 262 2662 nisi
286 2631 520 2671 υυ,υψ-;
552 2623 737 2661 metrum
755 2618 985 2661 iambicum
1005 2618 1258 2674 plerumque
1281 2631 1436 2674 purum
1463 2622 1539 2670 est;
1566 2618 1735 2661 duobus

298 2709 300 2711 ι
321 2732 365 2779 ²⁶)
389 2732 496 2769 Velut
511 2743 545 2768 v.
561 2731 630 2768 156
643 2730 781 2767 δειλαία
793 2730 956 2767 δειλαίου
968 2730 1098 2775 γήρως
1116 2733 1153 2766 et
1167 2730 1235 2766 162
1248 2730 1360 2766 ποίαν
1372 2731 1396 2775 ἢ
1409 2731 1548 2766 ταὺταν
1560 2731 1584 2774 ἢ
1599 2730 1735 2767 κείναν.

321 2789 365 2835 ²⁶¹)
389 2789 430 2826 V.
449 2789 518 2825 170
542 2787 842 2832 ἐκβακχεύουσαν
865 2784 1081 2831 Κασάνδραν
1094 2803 1141 2818 =
1155 2787 1325 2823 19211οο
1342 2791 1396 2832 πᾷ
1416 2787 1520 2829 γαίας
1542 2788 1734 2822 δουλεύσω

175 2848 301 2889 γραῦς.
344 2845 470 2881 174=
485 2844 566 2881 195.
607 2843 735 2881 198=
749 2843 831 2880 215.

317 2901 361 2947 ²⁸)
389 2901 443 2938 Cf.
460 2901 536 2938 iam
539 2900 872 2939 Wilamowitzium
891 2900 931 2936 in
947 2899 1116 2936 Herculis
1136 2899 1299 2936 editione
1315 2899 1439 2946 priore
1456 2899 1588 2946 (1889),
1601 2900 1675 2936 vol.
1692 2900 1736 2945 Π,

174 2967 274 3004 pag.
273 2956 345 2993 234
367 2957 429 3003 (ad
452 2968 486 2994 v.
504 2957 621 3004 1016)

1593 3028 1637 3064 2*
