<?xml version="1.0" encoding="UTF-8"?>
<!DOCTYPE html PUBLIC "-//W3C//DTD XHTML 1.0 Transitional//EN"
    "http://www.w3.org/TR/xhtml1/DTD/xhtml1-transitional.dtd">
<html xmlns="http://www.w3.org/1999/xhtml" xml:lang="en" lang="en">
 <head>
  <title>
</title>
<meta http-equiv="Content-Type" content="text/html;charset=utf-8" />
  <meta name='ocr-system' content='tesseract 3.04.00' />
  <meta name='ocr-capabilities' content='ocr_page ocr_carea ocr_par ocr_line ocrx_word'/>
</head>
<body>
  <div class='ocr_page' id='page_1' title='image "4737822_0057.png"; bbox 0 0 2041 3293; ppageno 0'>
   <div class='ocr_carea' id='block_1_1' title="bbox 0 0 314 129">
    <p class='ocr_par' dir='ltr' id='par_1_1' title="bbox 0 0 314 129">
     <span class='ocr_line' id='line_1_1' title="bbox 0 0 314 129; baseline 0 3164"><span class='ocrx_word' id='word_1_1' title='bbox 0 0 314 129; x_wconf 95' lang='lat' dir='ltr'><strong> </strong></span> 
     </span>
    </p>
   </div>
   <div class='ocr_carea' id='block_1_2' title="bbox 847 208 1143 248">
    <p class='ocr_par' dir='ltr' id='par_1_2' title="bbox 847 208 1143 248">
     <span class='ocr_line' id='line_1_2' title="bbox 847 208 1143 248; baseline -0.003 -10"><span class='ocrx_word' id='word_1_2' title='bbox 847 208 1143 248; x_wconf 53' lang='grc'>,51-</span> 
     </span>
    </p>
   </div>
   <div class='ocr_carea' id='block_1_3' title="bbox 153 328 1775 2375">
    <p class='ocr_par' dir='ltr' id='par_1_3' title="bbox 570 328 1420 527">
     <span class='ocr_line' id='line_1_3' title="bbox 627 328 1420 390; baseline 0 -12"><span class='ocrx_word' id='word_1_3' title='bbox 627 337 782 388; x_wconf 89' lang='grc' dir='ltr'>ψάλλει</span> <span class='ocrx_word' id='word_1_4' title='bbox 813 349 864 380; x_wconf 88' lang='grc' dir='ltr'><strong>σε</strong></span> <span class='ocrx_word' id='word_1_5' title='bbox 895 328 1006 388; x_wconf 85' lang='grc' dir='ltr'>λύρα</span> <span class='ocrx_word' id='word_1_6' title='bbox 1036 334 1104 378; x_wconf 84' lang='grc' dir='ltr'><strong>διὰ</strong></span> <span class='ocrx_word' id='word_1_7' title='bbox 1133 337 1275 388; x_wconf 89' lang='grc' dir='ltr'>χειρὸς</span> <span class='ocrx_word' id='word_1_8' title='bbox 1305 336 1420 390; x_wconf 83' lang='grc' dir='ltr'>ἐμᾶς,</span> 
     </span>
     <span class='ocr_line' id='line_1_4' title="bbox 628 403 1378 459; baseline -0.004 -10"><span class='ocrx_word' id='word_1_9' title='bbox 628 405 683 449; x_wconf 89' lang='grc' dir='ltr'><strong>σὺ</strong></span> <span class='ocrx_word' id='word_1_10' title='bbox 717 406 765 446; x_wconf 74' lang='grc' dir='ltr'><strong>δὲ</strong></span> <span class='ocrx_word' id='word_1_11' title='bbox 787 407 909 447; x_wconf 80' lang='grc' dir='ltr'>θεῖον</span> <span class='ocrx_word' id='word_1_12' title='bbox 934 404 1126 457; x_wconf 89' lang='grc' dir='ltr'>Ὅμηρον</span> <span class='ocrx_word' id='word_1_13' title='bbox 1156 403 1268 447; x_wconf 78' lang='grc' dir='ltr'>ἄειδέ</span> <span class='ocrx_word' id='word_1_14' title='bbox 1300 418 1378 459; x_wconf 92' lang='grc' dir='ltr'>μοι,</span> 
     </span>
     <span class='ocr_line' id='line_1_5' title="bbox 570 473 1219 527; baseline 0.002 -12"><span class='ocrx_word' id='word_1_15' title='bbox 570 475 595 515; x_wconf 88' lang='grc'>5</span> <span class='ocrx_word' id='word_1_16' title='bbox 627 473 754 525; x_wconf 83' lang='grc' dir='ltr'>κλέος</span> <span class='ocrx_word' id='word_1_17' title='bbox 784 473 964 527; x_wconf 79' lang='grc' dir='ltr'>ἀνέρων,</span> <span class='ocrx_word' id='word_1_18' title='bbox 1216 488 1219 490; x_wconf 68' lang='grc'>’</span> 
     </span>
    </p>

    <p class='ocr_par' dir='ltr' id='par_1_4' title="bbox 627 540 1191 596">
     <span class='ocr_line' id='line_1_6' title="bbox 627 540 1191 596; baseline 0 -12"><span class='ocrx_word' id='word_1_19' title='bbox 627 541 753 596; x_wconf 73' lang='grc' dir='ltr'>κλέος</span> <span class='ocrx_word' id='word_1_20' title='bbox 784 540 1000 594; x_wconf 77' lang='grc' dir='ltr'>ἁμετέρων</span> <span class='ocrx_word' id='word_1_21' title='bbox 1030 540 1191 595; x_wconf 88' lang='grc' dir='ltr'>πόνων,</span> 
     </span>
    </p>

    <p class='ocr_par' dir='ltr' id='par_1_5' title="bbox 627 609 1015 663">
     <span class='ocr_line' id='line_1_7' title="bbox 627 609 1015 663; baseline 0.003 -13"><span class='ocrx_word' id='word_1_22' title='bbox 627 609 680 650; x_wconf 81' lang='grc' dir='ltr'><strong>δι’</strong></span> <span class='ocrx_word' id='word_1_23' title='bbox 702 610 754 651; x_wconf 89' lang='grc' dir='ltr'><strong>ὃν</strong></span> <span class='ocrx_word' id='word_1_24' title='bbox 785 609 839 652; x_wconf 87' lang='grc' dir='ltr'><strong>οὐ</strong></span> <span class='ocrx_word' id='word_1_25' title='bbox 869 609 1015 663; x_wconf 88' lang='grc' dir='ltr'>θάνον,</span> 
     </span>
    </p>

    <p class='ocr_par' dir='ltr' id='par_1_6' title="bbox 629 675 977 729">
     <span class='ocr_line' id='line_1_8' title="bbox 629 675 977 729; baseline -0.003 -10"><span class='ocrx_word' id='word_1_26' title='bbox 629 675 682 719; x_wconf 84' lang='grc' dir='ltr'><strong>δι’</strong></span> <span class='ocrx_word' id='word_1_27' title='bbox 705 675 758 719; x_wconf 92' lang='grc' dir='ltr'><strong>ὅν</strong></span> <span class='ocrx_word' id='word_1_28' title='bbox 786 676 878 719; x_wconf 81' lang='grc' dir='ltr'>ἐστί</span> <span class='ocrx_word' id='word_1_29' title='bbox 910 690 977 729; x_wconf 88' lang='grc' dir='ltr'><strong>μοι</strong></span> 
     </span>
    </p>

    <p class='ocr_par' dir='ltr' id='par_1_7' title="bbox 627 734 1440 798">
     <span class='ocr_line' id='line_1_9' title="bbox 627 734 1440 798; baseline 0.001 -13"><span class='ocrx_word' id='word_1_30' title='bbox 627 734 896 798; x_wconf 87' lang='grc' dir='ltr'>Πάτροκλος,</span> <span class='ocrx_word' id='word_1_31' title='bbox 928 744 980 785; x_wconf 84' lang='grc' dir='ltr'><strong>δι’</strong></span> <span class='ocrx_word' id='word_1_32' title='bbox 1002 744 1055 786; x_wconf 86' lang='grc' dir='ltr'><strong>ὃν</strong></span> <span class='ocrx_word' id='word_1_33' title='bbox 1086 744 1312 795; x_wconf 88' lang='grc' dir='ltr'>ἀθανάτοις</span> <span class='ocrx_word' id='word_1_34' title='bbox 1342 745 1440 796; x_wconf 85' lang='grc' dir='ltr'>ἴσος</span> 
     </span>
    </p>

    <p class='ocr_par' dir='ltr' id='par_1_8' title="bbox 543 811 1136 868">
     <span class='ocr_line' id='line_1_10' title="bbox 543 811 1136 868; baseline -0.002 -12"><span class='ocrx_word' id='word_1_35' title='bbox 543 813 598 856; x_wconf 92' lang='grc'><strong>10</strong></span> <span class='ocrx_word' id='word_1_36' title='bbox 630 812 735 865; x_wconf 87' lang='grc' dir='ltr'>Αἴας</span> <span class='ocrx_word' id='word_1_37' title='bbox 765 811 879 868; x_wconf 81' lang='grc' dir='ltr'>ἐμός,</span> <span class='ocrx_word' id='word_1_38' title='bbox 1131 823 1136 827; x_wconf 86' lang='grc'><em>·</em></span> 
     </span>
    </p>

    <p class='ocr_par' dir='ltr' id='par_1_9' title="bbox 628 880 1356 934">
     <span class='ocr_line' id='line_1_11' title="bbox 628 880 1356 934; baseline 0.003 -12"><span class='ocrx_word' id='word_1_39' title='bbox 628 880 680 923; x_wconf 87' lang='grc' dir='ltr'><strong>δι’</strong></span> <span class='ocrx_word' id='word_1_40' title='bbox 702 881 756 922; x_wconf 86' lang='grc' dir='ltr'><strong>ὃν</strong></span> <span class='ocrx_word' id='word_1_41' title='bbox 787 881 814 922; x_wconf 88' lang='grc' dir='ltr'><strong>ἁ</strong></span> <span class='ocrx_word' id='word_1_42' title='bbox 844 882 1100 933; x_wconf 82' lang='grc' dir='ltr'>δορίληπτος</span> <span class='ocrx_word' id='word_1_43' title='bbox 1131 880 1356 934; x_wconf 82' lang='grc' dir='ltr'>ἀειδομένα</span> 
     </span>
    </p>

    <p class='ocr_par' dir='ltr' id='par_1_10' title="bbox 628 950 1050 1003">
     <span class='ocr_line' id='line_1_12' title="bbox 628 950 1050 1003; baseline 0 -11"><span class='ocrx_word' id='word_1_44' title='bbox 628 950 854 1001; x_wconf 87' lang='grc' dir='ltr'>&lt;μέλεσιν&gt;</span> <span class='ocrx_word' id='word_1_45' title='bbox 882 953 1050 1003; x_wconf 86' lang='grc' dir='ltr'>σοφοῖς</span> 
     </span>
    </p>

    <p class='ocr_par' dir='ltr' id='par_1_11' title="bbox 153 1017 1775 2171">
     <span class='ocr_line' id='line_1_13' title="bbox 626 1017 1337 1071; baseline 0.003 -13"><span class='ocrx_word' id='word_1_46' title='bbox 626 1017 753 1068; x_wconf 86' lang='grc' dir='ltr'>κλέος</span> <span class='ocrx_word' id='word_1_47' title='bbox 782 1017 913 1069; x_wconf 82' lang='grc' dir='ltr'>ἤρατο</span> <span class='ocrx_word' id='word_1_48' title='bbox 945 1018 1024 1060; x_wconf 85' lang='grc' dir='ltr'>κού</span> <span class='ocrx_word' id='word_1_49' title='bbox 1055 1019 1164 1062; x_wconf 91' lang='grc' dir='ltr'>πέσε</span> <span class='ocrx_word' id='word_1_50' title='bbox 1194 1018 1337 1071; x_wconf 81' lang='grc' dir='ltr'>Τροία.</span> 
     </span>
     <span class='ocr_line' id='line_1_14' title="bbox 211 1093 1774 1150; baseline 0.001 -14"><span class='ocrx_word' id='word_1_51' title='bbox 211 1093 253 1136; x_wconf 88' lang='lat' dir='ltr'>N</span> <span class='ocrx_word' id='word_1_52' title='bbox 254 1093 467 1136; x_wconf 89' lang='lat' dir='ltr'><strong>otissimae</strong></span> <span class='ocrx_word' id='word_1_53' title='bbox 497 1097 598 1136; x_wconf 85' lang='lat' dir='ltr'><strong>sunt</strong></span> <span class='ocrx_word' id='word_1_54' title='bbox 621 1094 783 1136; x_wconf 78' lang='lat' dir='ltr'><strong>formae</strong></span> <span class='ocrx_word' id='word_1_55' title='bbox 807 1107 873 1136; x_wconf 68' lang='lat' dir='ltr'><strong>vr.</strong></span> <span class='ocrx_word' id='word_1_56' title='bbox 898 1095 935 1136; x_wconf 91' lang='lat' dir='ltr'><strong>l.</strong></span> <span class='ocrx_word' id='word_1_57' title='bbox 959 1096 1013 1137; x_wconf 88' lang='lat'><strong>13</strong></span> <span class='ocrx_word' id='word_1_58' title='bbox 1045 1096 1342 1150; x_wconf 85' lang='lat' dir='ltr'><strong>(paroemiaci),</strong></span> <span class='ocrx_word' id='word_1_59' title='bbox 1375 1097 1412 1137; x_wconf 85' lang='lat'><strong>2.</strong></span> <span class='ocrx_word' id='word_1_60' title='bbox 1437 1097 1475 1138; x_wconf 92' lang='grc'><strong>3.</strong></span> <span class='ocrx_word' id='word_1_61' title='bbox 1499 1097 1552 1138; x_wconf 95' lang='grc'><strong>11</strong></span> <span class='ocrx_word' id='word_1_62' title='bbox 1585 1096 1774 1143; x_wconf 84' lang='lat' dir='ltr'><strong>(dimetri</strong></span> 
     </span>
     <span class='ocr_line' id='line_1_15' title="bbox 212 1162 1772 1218; baseline 0.001 -14"><span class='ocrx_word' id='word_1_63' title='bbox 212 1162 495 1218; x_wconf 85' lang='lat' dir='ltr'><strong>anapaestici)‚</strong></span> <span class='ocrx_word' id='word_1_64' title='bbox 511 1162 551 1204; x_wconf 87' lang='lat'><strong>4.</strong></span> <span class='ocrx_word' id='word_1_65' title='bbox 566 1163 591 1204; x_wconf 89' lang='lat'>9</span> <span class='ocrx_word' id='word_1_66' title='bbox 608 1162 794 1218; x_wconf 88' lang='lat' dir='ltr'><strong>(dimetri</strong></span> <span class='ocrx_word' id='word_1_67' title='bbox 808 1163 1254 1218; x_wconf 63' lang='lat' dir='ltr'><strong>anapaesto—iambici)</strong></span> <span class='ocrx_word' id='word_1_68' title='bbox 1285 1163 1450 1206; x_wconf 82' lang='lat' dir='ltr'><strong>Versus</strong></span> <span class='ocrx_word' id='word_1_69' title='bbox 1468 1165 1506 1206; x_wconf 91' lang='lat'><strong>5.</strong></span> <span class='ocrx_word' id='word_1_70' title='bbox 1524 1166 1562 1208; x_wconf 83' lang='lat'><strong>7.</strong></span> <span class='ocrx_word' id='word_1_71' title='bbox 1577 1165 1616 1207; x_wconf 90' lang='grc'><strong>8.</strong></span> <span class='ocrx_word' id='word_1_72' title='bbox 1632 1164 1699 1207; x_wconf 90' lang='grc'><strong>10.</strong></span> <span class='ocrx_word' id='word_1_73' title='bbox 1716 1165 1772 1206; x_wconf 81' lang='grc'><strong>12</strong></span> 
     </span>
     <span class='ocr_line' id='line_1_16' title="bbox 211 1229 1775 1285; baseline 0 -13"><span class='ocrx_word' id='word_1_74' title='bbox 211 1230 390 1272; x_wconf 81' lang='lat' dir='ltr'><strong>formam</strong></span> <span class='ocrx_word' id='word_1_75' title='bbox 421 1229 581 1272; x_wconf 89' lang='lat' dir='ltr'><strong>habent</strong></span> <span class='ocrx_word' id='word_1_76' title='bbox 609 1243 776 1284; x_wconf 66' lang='grc' dir='ltr'>π-υ-,</span> <span class='ocrx_word' id='word_1_77' title='bbox 809 1243 918 1284; x_wconf 90' lang='lat' dir='ltr'><strong>quae</strong></span> <span class='ocrx_word' id='word_1_78' title='bbox 948 1231 994 1272; x_wconf 92' lang='lat' dir='ltr'><strong>in</strong></span> <span class='ocrx_word' id='word_1_79' title='bbox 1024 1231 1241 1285; x_wconf 82' lang='lat' dir='ltr'>tragoedia</span> <span class='ocrx_word' id='word_1_80' title='bbox 1277 1244 1364 1273; x_wconf 90' lang='lat' dir='ltr'><strong>non</strong></span> <span class='ocrx_word' id='word_1_81' title='bbox 1394 1231 1592 1274; x_wconf 86' lang='lat' dir='ltr'><strong>occurrit.</strong></span> <span class='ocrx_word' id='word_1_82' title='bbox 1637 1231 1775 1282; x_wconf 83' lang='lat' dir='ltr'><strong>Quam</strong></span> 
     </span>
     <span class='ocr_line' id='line_1_17' title="bbox 212 1292 1775 1354; baseline 0.001 -14"><span class='ocrx_word' id='word_1_83' title='bbox 212 1299 306 1341; x_wconf 88' lang='lat' dir='ltr'><strong>sine</strong></span> <span class='ocrx_word' id='word_1_84' title='bbox 337 1297 467 1341; x_wconf 92' lang='lat' dir='ltr'><strong>dubio</strong></span> <span class='ocrx_word' id='word_1_85' title='bbox 497 1301 647 1354; x_wconf 88' lang='lat' dir='ltr'><strong>poetae</strong></span> <span class='ocrx_word' id='word_1_86' title='bbox 677 1292 938 1341; x_wconf 86' lang='lat' dir='ltr'><strong>recentiores</strong></span> <span class='ocrx_word' id='word_1_87' title='bbox 968 1312 1123 1341; x_wconf 86' lang='lat' dir='ltr'><strong>novam</strong></span> <span class='ocrx_word' id='word_1_88' title='bbox 1154 1298 1238 1341; x_wconf 94' lang='lat' dir='ltr'><strong>sibi</strong></span> <span class='ocrx_word' id='word_1_89' title='bbox 1266 1299 1525 1342; x_wconf 86' lang='lat' dir='ltr'><strong>invenerunt</strong></span> <span class='ocrx_word' id='word_1_90' title='bbox 1555 1301 1599 1341; x_wconf 89' lang='lat' dir='ltr'><strong>et</strong></span> <span class='ocrx_word' id='word_1_91' title='bbox 1628 1312 1775 1341; x_wconf 91' lang='lat' dir='ltr'><strong>mono-</strong></span> 
     </span>
     <span class='ocr_line' id='line_1_18' title="bbox 211 1366 1774 1421; baseline 0 -12"><span class='ocrx_word' id='word_1_92' title='bbox 211 1369 394 1411; x_wconf 89' lang='lat' dir='ltr'><strong>metrum</strong></span> <span class='ocrx_word' id='word_1_93' title='bbox 431 1367 479 1408; x_wconf 90' lang='lat' dir='ltr'><strong>in</strong></span> <span class='ocrx_word' id='word_1_94' title='bbox 509 1366 766 1421; x_wconf 85' lang='lat' dir='ltr'><strong>bisyllabum</strong></span> <span class='ocrx_word' id='word_1_95' title='bbox 808 1366 1103 1410; x_wconf 77' lang='lat' dir='ltr'><strong>catalecticum</strong></span> <span class='ocrx_word' id='word_1_96' title='bbox 1132 1367 1332 1410; x_wconf 86' lang='lat' dir='ltr'><strong>volebant</strong></span> <span class='ocrx_word' id='word_1_97' title='bbox 1375 1380 1481 1410; x_wconf 89' lang='lat' dir='ltr'><strong>esse.</strong></span> <span class='ocrx_word' id='word_1_98' title='bbox 1529 1366 1652 1418; x_wconf 81' lang='lat' dir='ltr'><strong>Quod</strong></span> <span class='ocrx_word' id='word_1_99' title='bbox 1681 1371 1774 1410; x_wconf 90' lang='lat' dir='ltr'><strong>tum</strong></span> 
     </span>
     <span class='ocr_line' id='line_1_19' title="bbox 212 1431 1774 1491; baseline 0.001 -15"><span class='ocrx_word' id='word_1_100' title='bbox 212 1435 393 1488; x_wconf 22' lang='lat' dir='ltr'><strong>demum·</strong></span> <span class='ocrx_word' id='word_1_101' title='bbox 414 1435 514 1477; x_wconf 88' lang='lat' dir='ltr'><strong>fieri</strong></span> <span class='ocrx_word' id='word_1_102' title='bbox 537 1436 685 1490; x_wconf 89' lang='lat' dir='ltr'><strong>potuit,</strong></span> <span class='ocrx_word' id='word_1_103' title='bbox 715 1437 939 1490; x_wconf 79' lang='lat' dir='ltr'><strong>postquam</strong></span> <span class='ocrx_word' id='word_1_104' title='bbox 961 1435 1157 1478; x_wconf 84' lang='lat' dir='ltr'><strong>Clemens</strong></span> <span class='ocrx_word' id='word_1_105' title='bbox 1178 1431 1463 1478; x_wconf 84' lang='lat' dir='ltr'><strong>monometros</strong></span> <span class='ocrx_word' id='word_1_106' title='bbox 1484 1437 1774 1491; x_wconf 88' lang='lat' dir='ltr'><strong>anapaesticos</strong></span> 
     </span>
     <span class='ocr_line' id='line_1_20' title="bbox 212 1502 1772 1559; baseline 0.001 -15"><span class='ocrx_word' id='word_1_107' title='bbox 212 1502 389 1544; x_wconf 89' lang='lat' dir='ltr'><strong>stichice</strong></span> <span class='ocrx_word' id='word_1_108' title='bbox 419 1502 621 1545; x_wconf 89' lang='lat' dir='ltr'><strong>adhibere</strong></span> <span class='ocrx_word' id='word_1_109' title='bbox 651 1505 797 1558; x_wconf 89' lang='lat' dir='ltr'><strong>poetas</strong></span> <span class='ocrx_word' id='word_1_110' title='bbox 828 1502 984 1545; x_wconf 89' lang='lat' dir='ltr'><strong>docuit.</strong></span> <span class='ocrx_word' id='word_1_111' title='bbox 1020 1502 1142 1545; x_wconf 85' lang='lat' dir='ltr'><strong>Haec</strong></span> <span class='ocrx_word' id='word_1_112' title='bbox 1170 1503 1304 1558; x_wconf 84' lang='lat' dir='ltr'><strong>igitur</strong></span> <span class='ocrx_word' id='word_1_113' title='bbox 1331 1503 1470 1545; x_wconf 83' lang='lat' dir='ltr'><strong>forma</strong></span> <span class='ocrx_word' id='word_1_114' title='bbox 1498 1516 1576 1559; x_wconf 91' lang='lat' dir='ltr'><strong>pro</strong></span> <span class='ocrx_word' id='word_1_115' title='bbox 1606 1503 1772 1558; x_wconf 87' lang='lat' dir='ltr'><strong>integro</strong></span> 
     </span>
     <span class='ocr_line' id='line_1_21' title="bbox 212 1565 1772 1614; baseline 0.001 -2"><span class='ocrx_word' id='word_1_116' title='bbox 212 1572 473 1613; x_wconf 91' lang='lat' dir='ltr'><strong>monometro</strong></span> <span class='ocrx_word' id='word_1_117' title='bbox 515 1572 629 1613; x_wconf 86' lang='lat' dir='ltr'><strong>inter</strong></span> <span class='ocrx_word' id='word_1_118' title='bbox 669 1571 869 1613; x_wconf 87' lang='lat' dir='ltr'><strong>stichicas</strong></span> <span class='ocrx_word' id='word_1_119' title='bbox 910 1571 1069 1612; x_wconf 77' lang='lat' dir='ltr'><strong>formas</strong></span> <span class='ocrx_word' id='word_1_120' title='bbox 1112 1571 1380 1612; x_wconf 87' lang='lat' dir='ltr'><strong>catalecticas</strong></span> <span class='ocrx_word' id='word_1_121' title='bbox 1425 1565 1621 1614; x_wconf 49' lang='lat' dir='ltr'><strong>stichice&#39;</strong></span> <span class='ocrx_word' id='word_1_122' title='bbox 1648 1583 1772 1613; x_wconf 84' lang='lat' dir='ltr'><strong>usur-</strong></span> 
     </span>
     <span class='ocr_line' id='line_1_22' title="bbox 211 1637 1772 1695; baseline 0 -14"><span class='ocrx_word' id='word_1_123' title='bbox 211 1639 400 1695; x_wconf 86' lang='lat' dir='ltr'><strong>pabatur.</strong></span> <span class='ocrx_word' id='word_1_124' title='bbox 439 1638 504 1681; x_wconf 90' lang='lat' dir='ltr'><strong>De</strong></span> <span class='ocrx_word' id='word_1_125' title='bbox 532 1638 672 1681; x_wconf 82' lang='lat' dir='ltr'><strong>forma</strong></span> <span class='ocrx_word' id='word_1_126' title='bbox 699 1652 739 1681; x_wconf 74' lang='lat' dir='ltr'><strong>V.</strong></span> <span class='ocrx_word' id='word_1_127' title='bbox 762 1638 787 1681; x_wconf 90' lang='grc'>6</span> <span class='ocrx_word' id='word_1_128' title='bbox 820 1638 985 1694; x_wconf 79' lang='lat' dir='ltr'><strong>egimus</strong></span> <span class='ocrx_word' id='word_1_129' title='bbox 1017 1651 1106 1693; x_wconf 85' lang='lat' dir='ltr'><strong>cap.</strong></span> <span class='ocrx_word' id='word_1_130' title='bbox 1130 1637 1175 1681; x_wconf 90' lang='lat' dir='ltr'>H</span> <span class='ocrx_word' id='word_1_131' title='bbox 1203 1639 1310 1694; x_wconf 85' lang='lat' dir='ltr'>(pag.</span> <span class='ocrx_word' id='word_1_132' title='bbox 1332 1639 1415 1694; x_wconf 87' lang='lat'><strong>35).</strong></span> <span class='ocrx_word' id='word_1_133' title='bbox 1455 1637 1534 1681; x_wconf 81' lang='lat' dir='ltr'><strong>Est</strong></span> <span class='ocrx_word' id='word_1_134' title='bbox 1562 1639 1772 1693; x_wconf 82' lang='lat' dir='ltr'><strong>glyconea</strong></span> 
     </span>
     <span class='ocr_line' id='line_1_23' title="bbox 153 1705 1772 1762; baseline -0.001 -13"><span class='ocrx_word' id='word_1_135' title='bbox 153 1730 156 1732; x_wconf 97' lang='lat'>·</span> <span class='ocrx_word' id='word_1_136' title='bbox 209 1707 278 1761; x_wconf 86' lang='lat' dir='ltr'><strong>(cf.</strong></span> <span class='ocrx_word' id='word_1_137' title='bbox 309 1720 397 1762; x_wconf 90' lang='lat' dir='ltr'><strong>cap.</strong></span> <span class='ocrx_word' id='word_1_138' title='bbox 427 1707 460 1761; x_wconf 93' lang='grc' dir='ltr'><strong>Ι,</strong></span> <span class='ocrx_word' id='word_1_139' title='bbox 490 1708 631 1749; x_wconf 86' lang='lat' dir='ltr'><strong>annot.</strong></span> <span class='ocrx_word' id='word_1_140' title='bbox 660 1707 752 1760; x_wconf 89' lang='lat'>19);</span> <span class='ocrx_word' id='word_1_141' title='bbox 790 1706 867 1749; x_wconf 91' lang='lat' dir='ltr'><strong>sed</strong></span> <span class='ocrx_word' id='word_1_142' title='bbox 901 1707 987 1748; x_wconf 86' lang='lat' dir='ltr'><strong>iam</strong></span> <span class='ocrx_word' id='word_1_143' title='bbox 1016 1705 1300 1748; x_wconf 82' lang='lat' dir='ltr'><strong>Alexandrini</strong></span> <span class='ocrx_word' id='word_1_144' title='bbox 1340 1719 1434 1748; x_wconf 90' lang='lat' dir='ltr'><strong>eam</strong></span> <span class='ocrx_word' id='word_1_145' title='bbox 1463 1710 1635 1761; x_wconf 89' lang='lat' dir='ltr'><strong>propter</strong></span> <span class='ocrx_word' id='word_1_146' title='bbox 1672 1720 1772 1748; x_wconf 82' lang='lat' dir='ltr'><strong>ana-</strong></span> 
     </span>
     <span class='ocr_line' id='line_1_24' title="bbox 209 1773 1771 1830; baseline -0.001 -13"><span class='ocrx_word' id='word_1_147' title='bbox 209 1778 452 1830; x_wconf 87' lang='lat' dir='ltr'><strong>paestorum</strong></span> <span class='ocrx_word' id='word_1_148' title='bbox 482 1775 804 1817; x_wconf 81' lang='lat' dir='ltr'><strong>simiJitudinem</strong></span> <span class='ocrx_word' id='word_1_149' title='bbox 833 1787 910 1829; x_wconf 89' lang='lat' dir='ltr'><strong>pro</strong></span> <span class='ocrx_word' id='word_1_150' title='bbox 941 1774 1210 1829; x_wconf 85' lang='lat' dir='ltr'><strong>anapaestico</strong></span> <span class='ocrx_word' id='word_1_151' title='bbox 1231 1773 1410 1816; x_wconf 90' lang='lat' dir='ltr'><strong>dimetro</strong></span> <span class='ocrx_word' id='word_1_152' title='bbox 1430 1774 1771 1829; x_wconf 85' lang='lat' dir='ltr'><strong>hypercatalecto</strong></span> 
     </span>
     <span class='ocr_line' id='line_1_25' title="bbox 209 1840 1771 1897; baseline 0.001 -14"><span class='ocrx_word' id='word_1_153' title='bbox 209 1841 432 1885; x_wconf 87' lang='lat' dir='ltr'><strong>habebant.</strong></span> <span class='ocrx_word' id='word_1_154' title='bbox 463 1841 614 1896; x_wconf 89' lang='lat' dir='ltr'><strong>Neque</strong></span> <span class='ocrx_word' id='word_1_155' title='bbox 644 1845 786 1885; x_wconf 87' lang='lat' dir='ltr'><strong>tamen</strong></span> <span class='ocrx_word' id='word_1_156' title='bbox 815 1844 966 1897; x_wconf 88' lang='lat' dir='ltr'><strong>poetae</strong></span> <span class='ocrx_word' id='word_1_157' title='bbox 995 1841 1042 1883; x_wconf 92' lang='lat' dir='ltr'><strong>in</strong></span> <span class='ocrx_word' id='word_1_158' title='bbox 1073 1840 1335 1884; x_wconf 86' lang='lat' dir='ltr'><strong>carminibus</strong></span> <span class='ocrx_word' id='word_1_159' title='bbox 1366 1841 1645 1896; x_wconf 88' lang='lat' dir='ltr'><strong>anapaesticis</strong></span> <span class='ocrx_word' id='word_1_160' title='bbox 1676 1854 1771 1884; x_wconf 89' lang='lat' dir='ltr'><strong>eam</strong></span> 
     </span>
     <span class='ocr_line' id='line_1_26' title="bbox 210 1910 1771 1965; baseline -0.001 -12"><span class='ocrx_word' id='word_1_161' title='bbox 210 1910 411 1953; x_wconf 86' lang='lat' dir='ltr'><strong>adhibere</strong></span> <span class='ocrx_word' id='word_1_162' title='bbox 431 1914 663 1965; x_wconf 88' lang='lat' dir='ltr'><strong>coeperunt</strong></span> <span class='ocrx_word' id='word_1_163' title='bbox 683 1923 738 1953; x_wconf 86' lang='lat' dir='ltr'><strong>ex</strong></span> <span class='ocrx_word' id='word_1_164' title='bbox 758 1923 855 1953; x_wconf 86' lang='lat' dir='ltr'><strong>mea</strong></span> <span class='ocrx_word' id='word_1_165' title='bbox 880 1910 1101 1965; x_wconf 78' lang='lat' dir='ltr'><strong>sententia,</strong></span> <span class='ocrx_word' id='word_1_166' title='bbox 1125 1910 1374 1965; x_wconf 88' lang='lat' dir='ltr'><strong>priusquam</strong></span> <span class='ocrx_word' id='word_1_167' title='bbox 1399 1911 1711 1953; x_wconf 89' lang='lat' dir='ltr'><strong>monometrum</strong></span> <span class='ocrx_word' id='word_1_168' title='bbox 1725 1911 1771 1952; x_wconf 90' lang='lat' dir='ltr'><strong>in</strong></span> 
     </span>
     <span class='ocr_line' id='line_1_27' title="bbox 209 1978 1773 2033; baseline 0 -12"><span class='ocrx_word' id='word_1_169' title='bbox 209 1978 467 2033; x_wconf 84' lang='lat' dir='ltr'><strong>bisyllabum</strong></span> <span class='ocrx_word' id='word_1_170' title='bbox 498 1978 791 2022; x_wconf 80' lang='lat' dir='ltr'><strong>catalecticum</strong></span> <span class='ocrx_word' id='word_1_171' title='bbox 820 1979 1098 2032; x_wconf 84' lang='lat' dir='ltr'><strong>invenerunt3</strong></span> <span class='ocrx_word' id='word_1_172' title='bbox 1136 1979 1229 2021; x_wconf 83' lang='lat' dir='ltr'><strong>tum</strong></span> <span class='ocrx_word' id='word_1_173' title='bbox 1266 1979 1379 2021; x_wconf 89' lang='lat' dir='ltr'><strong>enim</strong></span> <span class='ocrx_word' id='word_1_174' title='bbox 1415 1978 1542 2021; x_wconf 80' lang='lat' dir='ltr'><strong>facile</strong></span> <span class='ocrx_word' id='word_1_175' title='bbox 1574 1979 1773 2021; x_wconf 90' lang='lat' dir='ltr'><strong>commoti</strong></span> 
     </span>
     <span class='ocr_line' id='line_1_28' title="bbox 210 2047 1773 2102; baseline -0.001 -13"><span class='ocrx_word' id='word_1_176' title='bbox 210 2051 321 2101; x_wconf 86' lang='lat' dir='ltr'><strong>sunt,</strong></span> <span class='ocrx_word' id='word_1_177' title='bbox 351 2049 400 2089; x_wconf 93' lang='lat' dir='ltr'><strong>ut</strong></span> <span class='ocrx_word' id='word_1_178' title='bbox 430 2048 556 2089; x_wconf 89' lang='lat' dir='ltr'><strong>etiam</strong></span> <span class='ocrx_word' id='word_1_179' title='bbox 587 2047 693 2089; x_wconf 89' lang='lat' dir='ltr'><strong>alios</strong></span> <span class='ocrx_word' id='word_1_180' title='bbox 724 2060 887 2101; x_wconf 81' lang='lat' dir='ltr'><strong>versus,</strong></span> <span class='ocrx_word' id='word_1_181' title='bbox 919 2047 994 2101; x_wconf 84' lang='lat' dir='ltr'><strong>qui</strong></span> <span class='ocrx_word' id='word_1_182' title='bbox 1023 2047 1075 2089; x_wconf 88' lang='lat' dir='ltr'><strong>ab</strong></span> <span class='ocrx_word' id='word_1_183' title='bbox 1106 2047 1345 2102; x_wconf 85' lang='lat' dir='ltr'><strong>anapaestis</strong></span> <span class='ocrx_word' id='word_1_184' title='bbox 1375 2047 1636 2102; x_wconf 86' lang='lat' dir='ltr'><strong>incipiebant</strong></span> <span class='ocrx_word' id='word_1_185' title='bbox 1660 2051 1704 2089; x_wconf 87' lang='lat' dir='ltr'><strong>et</strong></span> <span class='ocrx_word' id='word_1_186' title='bbox 1727 2048 1773 2088; x_wconf 91' lang='lat' dir='ltr'><strong>in</strong></span> 
     </span>
     <span class='ocr_line' id='line_1_29' title="bbox 209 2112 1036 2171; baseline 0.001 -14"><span class='ocrx_word' id='word_1_187' title='bbox 209 2115 398 2158; x_wconf 90' lang='lat' dir='ltr'><strong>iambum</strong></span> <span class='ocrx_word' id='word_1_188' title='bbox 429 2112 691 2171; x_wconf 85' lang='lat' dir='ltr'><strong>desinebant,</strong></span> <span class='ocrx_word' id='word_1_189' title='bbox 723 2116 1036 2171; x_wconf 85' lang='lat' dir='ltr'><strong>componerent.</strong></span> 
     </span>
    </p>

    <p class='ocr_par' dir='ltr' id='par_1_12' title="bbox 351 2182 1772 2239">
     <span class='ocr_line' id='line_1_30' title="bbox 351 2182 1772 2239; baseline 0 -14"><span class='ocrx_word' id='word_1_190' title='bbox 351 2183 471 2225; x_wconf 84' lang='lat' dir='ltr'><strong>Tales</strong></span> <span class='ocrx_word' id='word_1_191' title='bbox 488 2196 639 2226; x_wconf 87' lang='lat' dir='ltr'><strong>versus</strong></span> <span class='ocrx_word' id='word_1_192' title='bbox 660 2184 697 2227; x_wconf 90' lang='lat' dir='ltr'><strong>si</strong></span> <span class='ocrx_word' id='word_1_193' title='bbox 718 2183 996 2226; x_wconf 86' lang='lat' dir='ltr'><strong>dimetrorum</strong></span> <span class='ocrx_word' id='word_1_194' title='bbox 1009 2182 1319 2238; x_wconf 86' lang='lat' dir='ltr'><strong>longitudinem</strong></span> <span class='ocrx_word' id='word_1_195' title='bbox 1340 2182 1772 2239; x_wconf 85' lang='lat' dir='ltr'><strong>transgrediebantur,</strong></span> 
     </span>
    </p>

    <p class='ocr_par' dir='ltr' id='par_1_13' title="bbox 209 2250 1772 2375">
     <span class='ocr_line' id='line_1_31' title="bbox 210 2250 1772 2306; baseline 0 -13"><span class='ocrx_word' id='word_1_196' title='bbox 210 2255 321 2293; x_wconf 80' lang='lat' dir='ltr'><strong>nova</strong></span> <span class='ocrx_word' id='word_1_197' title='bbox 355 2251 429 2293; x_wconf 89' lang='lat' dir='ltr'><strong>illa</strong></span> <span class='ocrx_word' id='word_1_198' title='bbox 467 2252 632 2295; x_wconf 86' lang='lat' dir='ltr'><strong>ratione</strong></span> <span class='ocrx_word' id='word_1_199' title='bbox 673 2251 1044 2306; x_wconf 87' lang='lat' dir='ltr'><strong>componebantur,</strong></span> <span class='ocrx_word' id='word_1_200' title='bbox 1085 2265 1168 2306; x_wconf 89' lang='lat' dir='ltr'><strong>qua</strong></span> <span class='ocrx_word' id='word_1_201' title='bbox 1198 2250 1466 2306; x_wconf 88' lang='lat' dir='ltr'><strong>Diophantus</strong></span> <span class='ocrx_word' id='word_1_202' title='bbox 1502 2253 1547 2293; x_wconf 89' lang='lat' dir='ltr'><strong>et</strong></span> <span class='ocrx_word' id='word_1_203' title='bbox 1576 2251 1772 2294; x_wconf 87' lang='lat' dir='ltr'><strong>Clemens</strong></span> 
     </span>
     <span class='ocr_line' id='line_1_32' title="bbox 209 2313 1772 2375; baseline 0 -13"><span class='ocrx_word' id='word_1_204' title='bbox 209 2331 359 2362; x_wconf 85' lang='lat' dir='ltr'><strong>versus</strong></span> <span class='ocrx_word' id='word_1_205' title='bbox 402 2319 671 2363; x_wconf 86' lang='lat' dir='ltr'><strong>catalecticos</strong></span> <span class='ocrx_word' id='word_1_206' title='bbox 715 2313 975 2372; x_wconf 56' lang='lat' dir='ltr'><strong>formabam</strong></span> <span class='ocrx_word' id='word_1_207' title='bbox 1019 2319 1293 2363; x_wconf 88' lang='lat' dir='ltr'><strong>monometris</strong></span> <span class='ocrx_word' id='word_1_208' title='bbox 1336 2319 1450 2363; x_wconf 88' lang='lat' dir='ltr'><strong>enim</strong></span> <span class='ocrx_word' id='word_1_209' title='bbox 1494 2320 1772 2375; x_wconf 89' lang='lat' dir='ltr'><strong>anapaesticis</strong></span> 
     </span>
    </p>
   </div>
   <div class='ocr_carea' id='block_1_4' title="bbox 134 2386 1770 2449">
    <p class='ocr_par' dir='ltr' id='par_1_14' title="bbox 134 2386 1770 2449">
     <span class='ocr_line' id='line_1_33' title="bbox 134 2386 1770 2449; baseline 0 -20"><span class='ocrx_word' id='word_1_210' title='bbox 134 2433 162 2449; x_wconf 59' lang='lat'><em>„</em></span> <span class='ocrx_word' id='word_1_211' title='bbox 212 2386 398 2429; x_wconf 89' lang='lat' dir='ltr'><strong>membra</strong></span> <span class='ocrx_word' id='word_1_212' title='bbox 435 2387 509 2429; x_wconf 84' lang='lat' dir='ltr'><strong>illa</strong></span> <span class='ocrx_word' id='word_1_213' title='bbox 547 2389 724 2431; x_wconf 88' lang='lat' dir='ltr'><strong>metrica</strong></span> <span class='ocrx_word' id='word_1_214' title='bbox 761 2388 808 2429; x_wconf 91' lang='lat' dir='ltr'><strong>in</strong></span> <span class='ocrx_word' id='word_1_215' title='bbox 838 2388 1026 2431; x_wconf 91' lang='lat' dir='ltr'><strong>iambum</strong></span> <span class='ocrx_word' id='word_1_216' title='bbox 1064 2388 1267 2430; x_wconf 88' lang='lat' dir='ltr'><strong>exeuntia</strong></span> <span class='ocrx_word' id='word_1_217' title='bbox 1306 2387 1608 2430; x_wconf 86' lang='lat' dir='ltr'><strong>adiciebantur.</strong></span> <span class='ocrx_word' id='word_1_218' title='bbox 1649 2388 1770 2439; x_wconf 79' lang='lat' dir='ltr'><strong>Quod</strong></span> 
     </span>
    </p>
   </div>
   <div class='ocr_carea' id='block_1_5' title="bbox 210 2454 1656 3002">
    <p class='ocr_par' dir='ltr' id='par_1_15' title="bbox 210 2454 1656 2791">
     <span class='ocr_line' id='line_1_34' title="bbox 210 2454 1656 2511; baseline -0.001 -12"><span class='ocrx_word' id='word_1_219' title='bbox 210 2454 333 2499; x_wconf 90' lang='lat' dir='ltr'><strong>docet</strong></span> <span class='ocrx_word' id='word_1_220' title='bbox 363 2456 513 2510; x_wconf 85' lang='lat' dir='ltr'><strong>hymni</strong></span> <span class='ocrx_word' id='word_1_221' title='bbox 541 2456 659 2499; x_wconf 82' lang='lat' dir='ltr'><strong>illius</strong></span> <span class='ocrx_word' id='word_1_222' title='bbox 689 2456 1002 2500; x_wconf 85' lang='lat' dir='ltr'><strong>Naassenorum</strong></span> <span class='ocrx_word' id='word_1_223' title='bbox 1034 2456 1101 2508; x_wconf 67' lang='lat' dir='ltr'><strong>(ct</strong></span> <span class='ocrx_word' id='word_1_224' title='bbox 1127 2458 1267 2499; x_wconf 88' lang='lat' dir='ltr'><strong>annot.</strong></span> <span class='ocrx_word' id='word_1_225' title='bbox 1292 2457 1362 2511; x_wconf 92' lang='lat'><strong>18)</strong></span> <span class='ocrx_word' id='word_1_226' title='bbox 1391 2469 1489 2511; x_wconf 89' lang='lat' dir='ltr'><strong>pars</strong></span> <span class='ocrx_word' id='word_1_227' title='bbox 1519 2456 1656 2511; x_wconf 89' lang='lat' dir='ltr'><strong>prior:</strong></span> 
     </span>
     <span class='ocr_line' id='line_1_35' title="bbox 355 2523 1628 2587; baseline 0 -12"><span class='ocrx_word' id='word_1_228' title='bbox 355 2532 498 2585; x_wconf 84' lang='grc' dir='ltr'>Νόμος</span> <span class='ocrx_word' id='word_1_229' title='bbox 528 2533 582 2584; x_wconf 84' lang='grc' dir='ltr'><strong>ἦν</strong></span> <span class='ocrx_word' id='word_1_230' title='bbox 611 2534 776 2586; x_wconf 85' lang='grc' dir='ltr'>γενικὸς</span> <span class='ocrx_word' id='word_1_231' title='bbox 805 2535 884 2577; x_wconf 84' lang='grc' dir='ltr'>τοῦ</span> <span class='ocrx_word' id='word_1_232' title='bbox 915 2534 1078 2585; x_wconf 88' lang='grc' dir='ltr'>παντὸς</span> <span class='ocrx_word' id='word_1_233' title='bbox 1101 2523 1134 2575; x_wconf 56' lang='grc' dir='ltr'><strong>7ὁ</strong></span> <span class='ocrx_word' id='word_1_234' title='bbox 1166 2534 1469 2586; x_wconf 89' lang='grc' dir='ltr'>πρώτ&lt;ιστ&gt;ος</span> <span class='ocrx_word' id='word_1_235' title='bbox 1501 2532 1628 2587; x_wconf 85' lang='grc' dir='ltr'>Νόος,</span> 
     </span>
     <span class='ocr_line' id='line_1_36' title="bbox 352 2601 1592 2654; baseline 0.001 -12"><span class='ocrx_word' id='word_1_236' title='bbox 352 2601 377 2642; x_wconf 89' lang='grc' dir='ltr'>ὁ</span> <span class='ocrx_word' id='word_1_237' title='bbox 411 2602 459 2643; x_wconf 80' lang='grc' dir='ltr'><strong>δὲ</strong></span> <span class='ocrx_word' id='word_1_238' title='bbox 490 2601 691 2653; x_wconf 86' lang='grc' dir='ltr'>δεύτερος</span> <span class='ocrx_word' id='word_1_239' title='bbox 719 2602 770 2653; x_wconf 85' lang='grc' dir='ltr'><strong>ἦν</strong></span> <span class='ocrx_word' id='word_1_240' title='bbox 800 2605 878 2644; x_wconf 89' lang='grc' dir='ltr'>τοῦ</span> <span class='ocrx_word' id='word_1_241' title='bbox 910 2602 1191 2653; x_wconf 84' lang='grc' dir='ltr'>πρωτοτόκου</span> <span class='ocrx_word' id='word_1_242' title='bbox 1223 2603 1273 2643; x_wconf 92' lang='grc' dir='ltr'>τὸ</span> <span class='ocrx_word' id='word_1_243' title='bbox 1305 2603 1433 2652; x_wconf 82' lang='grc' dir='ltr'>χυθὲν</span> <span class='ocrx_word' id='word_1_244' title='bbox 1466 2601 1592 2654; x_wconf 84' lang='grc' dir='ltr'>Χάος,</span> 
     </span>
     <span class='ocr_line' id='line_1_37' title="bbox 350 2667 1535 2722; baseline 0 -11"><span class='ocrx_word' id='word_1_245' title='bbox 350 2669 541 2720; x_wconf 85' lang='grc' dir='ltr'>τρίτατον</span> <span class='ocrx_word' id='word_1_246' title='bbox 571 2668 690 2721; x_wconf 83' lang='grc' dir='ltr'>Ψυχὴ</span> <span class='ocrx_word' id='word_1_247' title='bbox 721 2668 761 2710; x_wconf 88' lang='grc' dir='ltr'><strong>δ’</strong></span> <span class='ocrx_word' id='word_1_248' title='bbox 782 2668 898 2722; x_wconf 78' lang='grc' dir='ltr'>ἔλαβ’</span> <span class='ocrx_word' id='word_1_249' title='bbox 919 2668 1065 2721; x_wconf 81' lang='grc' dir='ltr'>ἔν&lt;θ’&gt;</span> <span class='ocrx_word' id='word_1_250' title='bbox 1097 2668 1353 2720; x_wconf 76' lang='grc' dir='ltr'>ἐργαζομένη</span> <span class='ocrx_word' id='word_1_251' title='bbox 1385 2667 1535 2721; x_wconf 88' lang='grc' dir='ltr'>νόμον.</span> 
     </span>
     <span class='ocr_line' id='line_1_38' title="bbox 353 2728 1245 2791; baseline -0.001 -11"><span class='ocrx_word' id='word_1_252' title='bbox 353 2738 421 2780; x_wconf 85' lang='grc' dir='ltr'><strong>διὰ</strong></span> <span class='ocrx_word' id='word_1_253' title='bbox 449 2728 563 2780; x_wconf 82' lang='grc' dir='ltr'>τοῦτ’</span> <span class='ocrx_word' id='word_1_254' title='bbox 584 2736 750 2789; x_wconf 79' lang='grc' dir='ltr'>ἐλάφου</span> <span class='ocrx_word' id='word_1_255' title='bbox 783 2738 956 2791; x_wconf 85' lang='grc' dir='ltr'>μορφὴν</span> <span class='ocrx_word' id='word_1_256' title='bbox 987 2737 1245 2790; x_wconf 79' lang='grc' dir='ltr'>περικειμένη</span> 
     </span>
    </p>

    <p class='ocr_par' dir='ltr' id='par_1_16' title="bbox 294 2803 1217 2860">
     <span class='ocr_line' id='line_1_39' title="bbox 294 2803 1217 2860; baseline 0 -14"><span class='ocrx_word' id='word_1_257' title='bbox 294 2805 319 2845; x_wconf 89' lang='grc'>5</span> <span class='ocrx_word' id='word_1_258' title='bbox 352 2808 478 2860; x_wconf 87' lang='grc' dir='ltr'>κοπιᾷ</span> <span class='ocrx_word' id='word_1_259' title='bbox 507 2803 677 2859; x_wconf 86' lang='grc' dir='ltr'>θανάτῳ</span> <span class='ocrx_word' id='word_1_260' title='bbox 709 2805 916 2857; x_wconf 88' lang='grc' dir='ltr'>μελέτημα</span> <span class='ocrx_word' id='word_1_261' title='bbox 946 2805 1217 2858; x_wconf 77' lang='grc' dir='ltr'>κρατουμένη.</span> 
     </span>
    </p>

    <p class='ocr_par' dir='ltr' id='par_1_17' title="bbox 351 2872 1451 3002">
     <span class='ocr_line' id='line_1_40' title="bbox 351 2872 1451 2929; baseline 0 -13"><span class='ocrx_word' id='word_1_262' title='bbox 351 2875 456 2916; x_wconf 81' lang='grc' dir='ltr'>ποτὲ</span> <span class='ocrx_word' id='word_1_263' title='bbox 487 2873 701 2926; x_wconf 83' lang='grc' dir='ltr'>βασιλείαν</span> <span class='ocrx_word' id='word_1_264' title='bbox 732 2874 865 2925; x_wconf 84' lang='grc' dir='ltr'>&lt;μὲν&gt;</span> <span class='ocrx_word' id='word_1_265' title='bbox 900 2874 1063 2926; x_wconf 84' lang='grc' dir='ltr'>ἔχουσα</span> <span class='ocrx_word' id='word_1_266' title='bbox 1094 2873 1229 2926; x_wconf 86' lang='grc' dir='ltr'>βλέπει</span> <span class='ocrx_word' id='word_1_267' title='bbox 1259 2872 1308 2915; x_wconf 91' lang='grc' dir='ltr'>τὸ</span> <span class='ocrx_word' id='word_1_268' title='bbox 1340 2875 1451 2929; x_wconf 84' lang='grc' dir='ltr'>φῶς,</span> 
     </span>
     <span class='ocr_line' id='line_1_41' title="bbox 351 2941 1242 3002; baseline -0.001 -19"><span class='ocrx_word' id='word_1_269' title='bbox 351 2943 456 2985; x_wconf 80' lang='grc' dir='ltr'>ποτὲ</span> <span class='ocrx_word' id='word_1_270' title='bbox 480 2941 525 2984; x_wconf 71' lang='lat' dir='ltr'><strong>b’</strong></span> <span class='ocrx_word' id='word_1_271' title='bbox 547 2941 607 3002; x_wconf 89' lang='grc' dir='ltr'><strong>εἰς</strong></span> <span class='ocrx_word' id='word_1_272' title='bbox 636 2941 759 2984; x_wconf 79' lang='grc' dir='ltr'>ἔλεον</span> <span class='ocrx_word' id='word_1_273' title='bbox 792 2941 993 2993; x_wconf 84' lang='grc' dir='ltr'>ῥιφθεῑσα</span> <span class='ocrx_word' id='word_1_274' title='bbox 1024 2942 1242 2994; x_wconf 88' lang='grc' dir='ltr'>μινύρεται.</span> 
     </span>
    </p>
   </div>
   <div class='ocr_carea' id='block_1_6' title="bbox 352 3009 1628 3104">
    <p class='ocr_par' dir='ltr' id='par_1_18' title="bbox 352 3009 1628 3104">
     <span class='ocr_line' id='line_1_42' title="bbox 352 3009 1628 3104; baseline 0.002 -53"><span class='ocrx_word' id='word_1_275' title='bbox 352 3010 458 3052; x_wconf 86' lang='grc' dir='ltr'>ποτὲ</span> <span class='ocrx_word' id='word_1_276' title='bbox 490 3011 565 3062; x_wconf 84' lang='grc' dir='ltr'><strong>μὲν</strong></span> <span class='ocrx_word' id='word_1_277' title='bbox 595 3009 736 3064; x_wconf 84' lang='grc' dir='ltr'>χαίρει,</span> <span class='ocrx_word' id='word_1_278' title='bbox 767 3009 964 3064; x_wconf 86' lang='grc' dir='ltr'>καίνυται,</span> <span class='ocrx_word' id='word_1_279' title='bbox 1582 3068 1628 3104; x_wconf 57' lang='lat'><strong>4*</strong></span> 
     </span>
    </p>
   </div>
  </div>
 </body>
</html>
