<?xml version="1.0" encoding="UTF-8"?>
<!DOCTYPE html PUBLIC "-//W3C//DTD XHTML 1.0 Transitional//EN"
    "http://www.w3.org/TR/xhtml1/DTD/xhtml1-transitional.dtd">
<html xmlns="http://www.w3.org/1999/xhtml" xml:lang="en" lang="en">
 <head>
  <title>
</title>
<meta http-equiv="Content-Type" content="text/html;charset=utf-8" />
  <meta name='ocr-system' content='tesseract 3.04.00' />
  <meta name='ocr-capabilities' content='ocr_page ocr_carea ocr_par ocr_line ocrx_word'/>
</head>
<body>
  <div class='ocr_page' id='page_1' title='image "4737822_0088.png"; bbox 0 0 2041 3293; ppageno 0'>
   <div class='ocr_carea' id='block_1_1' title="bbox 892 156 1251 199">
    <p class='ocr_par' dir='ltr' id='par_1_1' title="bbox 892 156 1251 199">
     <span class='ocr_line' id='line_1_1' title="bbox 892 156 1251 199; baseline 0 0"><span class='ocrx_word' id='word_1_1' title='bbox 892 156 1251 199; x_wconf 84' lang='lat'>—82-·</span> 
     </span>
    </p>
   </div>
   <div class='ocr_carea' id='block_1_2' title="bbox 1887 0 2041 142">
    <p class='ocr_par' dir='ltr' id='par_1_2' title="bbox 1887 0 2041 142">
     <span class='ocr_line' id='line_1_2' title="bbox 1887 0 2041 142; baseline 0 3151"><span class='ocrx_word' id='word_1_2' title='bbox 1887 0 2041 142; x_wconf 95' lang='lat' dir='ltr'><strong> </strong></span> 
     </span>
    </p>
   </div>
   <div class='ocr_carea' id='block_1_3' title="bbox 249 256 2036 433">
    <p class='ocr_par' dir='ltr' id='par_1_3' title="bbox 250 256 2041 412">
     <span class='ocr_line' id='line_1_3' title="bbox 393 256 1957 345; baseline 0.001 -16.956"><span class='ocrx_word' id='word_1_3' title='bbox 393 284 486 328; x_wconf 86' lang='lat' dir='ltr'><strong>Iam</strong></span> <span class='ocrx_word' id='word_1_4' title='bbox 499 283 725 329; x_wconf 79' lang='lat' dir='ltr'><strong>adformas</strong></span> <span class='ocrx_word' id='word_1_5' title='bbox 738 284 1008 337; x_wconf 72' lang='lat' dir='ltr'><strong>catalecticus</strong></span> <span class='ocrx_word' id='word_1_6' title='bbox 1019 286 1284 330; x_wconf 77' lang='lat' dir='ltr'><strong>accedamus.</strong></span> <span class='ocrx_word' id='word_1_7' title='bbox 1297 260 1619 345; x_wconf 64' lang='lat' dir='ltr'><strong>Pmemhcus,</strong></span> <span class='ocrx_word' id='word_1_8' title='bbox 1632 287 1825 333; x_wconf 75' lang='lat' dir='ltr'>trimeter</span> <span class='ocrx_word' id='word_1_9' title='bbox 1870 256 1872 258; x_wconf 12' lang='lat' dir='ltr'>V</span> <span class='ocrx_word' id='word_1_10' title='bbox 1948 263 1957 329; x_wconf 12' lang='grc' dir='ltr'><strong>Α.</strong></span> 
     </span>
     <span class='ocr_line' id='line_1_4' title="bbox 249 347 2036 433; baseline 0 -35"><span class='ocrx_word' id='word_1_11' title='bbox 249 356 550 416; x_wconf 62' lang='lat' dir='ltr'><strong>anapaesticus</strong></span> <span class='ocrx_word' id='word_1_12' title='bbox 571 355 859 418; x_wconf 75' lang='lat' dir='ltr'><strong>catalecticus,</strong></span> <span class='ocrx_word' id='word_1_13' title='bbox 885 356 1242 433; x_wconf 79' lang='lat' dir='ltr'><strong>aristophaneum,</strong></span> <span class='ocrx_word' id='word_1_14' title='bbox 1267 361 1377 410; x_wconf 85' lang='lat' dir='ltr'><strong>quae</strong></span> <span class='ocrx_word' id='word_1_15' title='bbox 1401 367 1428 397; x_wconf 86' lang='lat' dir='ltr'><strong>a</strong></span> <span class='ocrx_word' id='word_1_16' title='bbox 1450 352 1666 398; x_wconf 86' lang='lat' dir='ltr'><strong>veteribus</strong></span> <span class='ocrx_word' id='word_1_17' title='bbox 1685 347 1823 411; x_wconf 72' lang='lat' dir='ltr'><strong>Poetis</strong></span> <span class='ocrx_word' id='word_1_18' title='bbox 1900 368 1902 370; x_wconf 90' lang='lat'>·</span> <span class='ocrx_word' id='word_1_19' title='bbox 1970 350 1976 355; x_wconf 68' lang='grc'><em>“</em></span> <span class='ocrx_word' id='word_1_20' title='bbox 2020 352 2036 366; x_wconf 30' lang='grc' dir='ltr'><strong>χ’</strong></span> 
     </span>
    </p>
   </div>
   <div class='ocr_carea' id='block_1_4' title="bbox 250 421 1823 681">
    <p class='ocr_par' dir='ltr' id='par_1_4' title="bbox 250 421 1823 681">
     <span class='ocr_line' id='line_1_5' title="bbox 251 421 1822 485; baseline 0.001 -19"><span class='ocrx_word' id='word_1_21' title='bbox 251 421 428 473; x_wconf 84' lang='lat' dir='ltr'><strong>Graecis</strong></span> <span class='ocrx_word' id='word_1_22' title='bbox 466 435 672 479; x_wconf 84' lang='lat' dir='ltr'><strong>persaepe</strong></span> <span class='ocrx_word' id='word_1_23' title='bbox 715 421 908 474; x_wconf 86' lang='lat' dir='ltr'><strong>adhibita</strong></span> <span class='ocrx_word' id='word_1_24' title='bbox 939 427 1069 479; x_wconf 83' lang='lat' dir='ltr'><strong>erant,</strong></span> <span class='ocrx_word' id='word_1_25' title='bbox 1109 424 1155 466; x_wconf 83' lang='lat' dir='ltr'><strong>in</strong></span> <span class='ocrx_word' id='word_1_26' title='bbox 1185 422 1434 467; x_wconf 89' lang='lat' dir='ltr'><strong>melioribus</strong></span> <span class='ocrx_word' id='word_1_27' title='bbox 1462 421 1584 475; x_wconf 80' lang='lat' dir='ltr'><strong>libris</strong></span> <span class='ocrx_word' id='word_1_28' title='bbox 1620 423 1822 485; x_wconf 84' lang='lat' dir='ltr'><strong>metricis,</strong></span> 
     </span>
     <span class='ocr_line' id='line_1_6' title="bbox 251 482 1822 549; baseline 0.001 -16"><span class='ocrx_word' id='word_1_29' title='bbox 251 491 328 545; x_wconf 89' lang='lat' dir='ltr'><strong>qui</strong></span> <span class='ocrx_word' id='word_1_30' title='bbox 367 494 610 546; x_wconf 81' lang='lat' dir='ltr'><strong>supersunt,</strong></span> <span class='ocrx_word' id='word_1_31' title='bbox 650 490 799 534; x_wconf 90' lang='lat' dir='ltr'><strong>multis</strong></span> <span class='ocrx_word' id='word_1_32' title='bbox 840 491 1067 549; x_wconf 83' lang='lat' dir='ltr'><strong>exemplis</strong></span> <span class='ocrx_word' id='word_1_33' title='bbox 1084 491 1373 534; x_wconf 69' lang='lat' dir='ltr'><strong>illustrantur·</strong></span> <span class='ocrx_word' id='word_1_34' title='bbox 1407 490 1497 534; x_wconf 83' lang='lat' dir='ltr'><strong>Ab</strong></span> <span class='ocrx_word' id='word_1_35' title='bbox 1507 482 1822 546; x_wconf 83' lang='lat' dir='ltr'><strong>Hephaestione</strong></span> 
     </span>
     <span class='ocr_line' id='line_1_7' title="bbox 250 558 1823 613; baseline 0.001 -13"><span class='ocrx_word' id='word_1_36' title='bbox 250 561 394 601; x_wconf 86' lang='lat' dir='ltr'><strong>autem</strong></span> <span class='ocrx_word' id='word_1_37' title='bbox 414 571 501 601; x_wconf 88' lang='lat' dir='ltr'><strong>non</strong></span> <span class='ocrx_word' id='word_1_38' title='bbox 523 558 663 601; x_wconf 91' lang='lat' dir='ltr'><strong>solum</strong></span> <span class='ocrx_word' id='word_1_39' title='bbox 682 560 987 613; x_wconf 89' lang='lat' dir='ltr'><strong>paroemiacus,</strong></span> <span class='ocrx_word' id='word_1_40' title='bbox 1004 559 1078 602; x_wconf 90' lang='lat' dir='ltr'><strong>sed</strong></span> <span class='ocrx_word' id='word_1_41' title='bbox 1097 560 1223 601; x_wconf 89' lang='lat' dir='ltr'><strong>etiam</strong></span> <span class='ocrx_word' id='word_1_42' title='bbox 1245 558 1441 613; x_wconf 86' lang='lat' dir='ltr'><strong>euoplius</strong></span> <span class='ocrx_word' id='word_1_43' title='bbox 1460 558 1533 602; x_wconf 84' lang='lat' dir='ltr'><strong>ille</strong></span> <span class='ocrx_word' id='word_1_44' title='bbox 1553 559 1628 613; x_wconf 92' lang='lat' dir='ltr'><strong>qui</strong></span> <span class='ocrx_word' id='word_1_45' title='bbox 1644 559 1823 601; x_wconf 85' lang='lat' dir='ltr'><strong>vocatur</strong></span> 
     </span>
     <span class='ocr_line' id='line_1_8' title="bbox 251 624 1823 681; baseline 0.001 -13"><span class='ocrx_word' id='word_1_46' title='bbox 251 624 535 678; x_wconf 85' lang='grc' dir='ltr'>Ἐρασμονίδη</span> <span class='ocrx_word' id='word_1_47' title='bbox 557 625 737 677; x_wconf 83' lang='grc' dir='ltr'>Χαρίλαε</span> <span class='ocrx_word' id='word_1_48' title='bbox 768 625 1026 669; x_wconf 86' lang='lat' dir='ltr'><strong>catalecticis</strong></span> <span class='ocrx_word' id='word_1_49' title='bbox 1054 626 1205 668; x_wconf 79' lang='lat' dir='ltr'><strong>formis</strong></span> <span class='ocrx_word' id='word_1_50' title='bbox 1230 625 1511 681; x_wconf 82' lang='lat' dir='ltr'><strong>anapaesticis</strong></span> <span class='ocrx_word' id='word_1_51' title='bbox 1536 624 1734 669; x_wconf 80' lang='lat' dir='ltr'><strong>addictus</strong></span> <span class='ocrx_word' id='word_1_52' title='bbox 1757 634 1823 669; x_wconf 84' lang='lat' dir='ltr'><strong>est</strong></span> 
     </span>
    </p>
   </div>
   <div class='ocr_carea' id='block_1_5' title="bbox 250 692 1898 749">
    <p class='ocr_par' dir='ltr' id='par_1_5' title="bbox 250 692 1898 749">
     <span class='ocr_line' id='line_1_9' title="bbox 250 692 1898 749; baseline 0.002 -14"><span class='ocrx_word' id='word_1_53' title='bbox 250 695 358 748; x_wconf 84' lang='lat' dir='ltr'><strong>(pag.</strong></span> <span class='ocrx_word' id='word_1_54' title='bbox 381 694 451 748; x_wconf 82' lang='lat'><strong>27,</strong></span> <span class='ocrx_word' id='word_1_55' title='bbox 473 693 619 735; x_wconf 81' lang='lat'>7—12</span> <span class='ocrx_word' id='word_1_56' title='bbox 643 692 702 746; x_wconf 87' lang='lat' dir='ltr'><strong>C).</strong></span> <span class='ocrx_word' id='word_1_57' title='bbox 751 693 872 744; x_wconf 83' lang='lat' dir='ltr'><strong>Quod</strong></span> <span class='ocrx_word' id='word_1_58' title='bbox 905 707 930 735; x_wconf 92' lang='lat' dir='ltr'><strong>a</strong></span> <span class='ocrx_word' id='word_1_59' title='bbox 959 693 1174 748; x_wconf 90' lang='lat' dir='ltr'><strong>prioribus</strong></span> <span class='ocrx_word' id='word_1_60' title='bbox 1204 694 1484 749; x_wconf 79' lang='lat' dir='ltr'><strong>scriptoribus</strong></span> <span class='ocrx_word' id='word_1_61' title='bbox 1516 695 1705 738; x_wconf 85' lang='lat' dir='ltr'><strong>metricis</strong></span> <span class='ocrx_word' id='word_1_62' title='bbox 1733 708 1820 738; x_wconf 89' lang='lat' dir='ltr'><strong>non</strong></span> <span class='ocrx_word' id='word_1_63' title='bbox 1895 708 1898 710; x_wconf 69' lang='grc'>’</span> 
     </span>
    </p>
   </div>
   <div class='ocr_carea' id='block_1_6' title="bbox 219 760 1858 2037">
    <p class='ocr_par' dir='ltr' id='par_1_6' title="bbox 219 760 1858 2037">
     <span class='ocr_line' id='line_1_10' title="bbox 248 760 1822 819; baseline 0.002 -16"><span class='ocrx_word' id='word_1_64' title='bbox 248 760 414 804; x_wconf 79' lang='lat' dir='ltr'><strong>factu‘m</strong></span> <span class='ocrx_word' id='word_1_65' title='bbox 431 789 435 795; x_wconf 87' lang='lat'><em>-</em></span> <span class='ocrx_word' id='word_1_66' title='bbox 455 773 550 819; x_wconf 87' lang='lat' dir='ltr'><strong>esse</strong></span> <span class='ocrx_word' id='word_1_67' title='bbox 590 761 658 803; x_wconf 91' lang='lat' dir='ltr'><strong>his</strong></span> <span class='ocrx_word' id='word_1_68' title='bbox 690 761 743 804; x_wconf 89' lang='lat' dir='ltr'><strong>de</strong></span> <span class='ocrx_word' id='word_1_69' title='bbox 785 761 926 804; x_wconf 88' lang='lat' dir='ltr'><strong>causis</strong></span> <span class='ocrx_word' id='word_1_70' title='bbox 966 769 1217 817; x_wconf 85' lang='lat' dir='ltr'><strong>persuasum</strong></span> <span class='ocrx_word' id='word_1_71' title='bbox 1247 762 1395 805; x_wconf 89' lang='lat' dir='ltr'><strong>habeo.</strong></span> <span class='ocrx_word' id='word_1_72' title='bbox 1441 761 1736 818; x_wconf 83' lang='lat' dir='ltr'><strong>Alexandrini,</strong></span> <span class='ocrx_word' id='word_1_73' title='bbox 1773 765 1822 806; x_wconf 91' lang='lat' dir='ltr'><strong>ut</strong></span> 
     </span>
     <span class='ocr_line' id='line_1_11' title="bbox 249 823 1858 886; baseline 0.002 -16"><span class='ocrx_word' id='word_1_74' title='bbox 249 828 437 871; x_wconf 79' lang='lat' dir='ltr'><strong>vidimus</strong></span> <span class='ocrx_word' id='word_1_75' title='bbox 453 841 543 884; x_wconf 89' lang='lat' dir='ltr'><strong>cap.</strong></span> <span class='ocrx_word' id='word_1_76' title='bbox 556 828 612 884; x_wconf 89' lang='lat' dir='ltr'><strong>H,</strong></span> <span class='ocrx_word' id='word_1_77' title='bbox 627 828 788 871; x_wconf 84' lang='lat' dir='ltr'><strong>formas</strong></span> <span class='ocrx_word' id='word_1_78' title='bbox 805 829 1008 884; x_wconf 88' lang='lat' dir='ltr'><strong>quasdam</strong></span> <span class='ocrx_word' id='word_1_79' title='bbox 1023 829 1180 883; x_wconf 87' lang='lat' dir='ltr'><strong>lyricas</strong></span> <span class='ocrx_word' id='word_1_80' title='bbox 1196 831 1440 886; x_wconf 83' lang='lat' dir='ltr'><strong>anapaestis</strong></span> <span class='ocrx_word' id='word_1_81' title='bbox 1451 830 1612 873; x_wconf 88' lang='lat' dir='ltr'><strong>similes</strong></span> <span class='ocrx_word' id='word_1_82' title='bbox 1628 844 1705 886; x_wconf 87' lang='lat' dir='ltr'><strong>pro</strong></span> <span class='ocrx_word' id='word_1_83' title='bbox 1721 823 1820 873; x_wconf 85' lang='lat' dir='ltr'><strong>ana-</strong></span> <span class='ocrx_word' id='word_1_84' title='bbox 1855 828 1858 835; x_wconf 83' lang='lat'>&#39;</span> 
     </span>
     <span class='ocr_line' id='line_1_12' title="bbox 248 895 1820 954; baseline 0.002 -16"><span class='ocrx_word' id='word_1_85' title='bbox 248 896 454 952; x_wconf 87' lang='lat' dir='ltr'><strong>paesticis</strong></span> <span class='ocrx_word' id='word_1_86' title='bbox 461 895 660 939; x_wconf 83' lang='lat' dir='ltr'><strong>versibus</strong></span> <span class='ocrx_word' id='word_1_87' title='bbox 671 896 929 939; x_wconf 87' lang='lat' dir='ltr'><strong>catalecticis</strong></span> <span class='ocrx_word' id='word_1_88' title='bbox 939 895 1152 939; x_wconf 85' lang='lat' dir='ltr'><strong>habebant</strong></span> <span class='ocrx_word' id='word_1_89' title='bbox 1161 909 1211 939; x_wconf 89' lang='lat' dir='ltr'><strong>ea</strong></span> <span class='ocrx_word' id='word_1_90' title='bbox 1219 898 1314 940; x_wconf 87' lang='lat' dir='ltr'><strong>sola</strong></span> <span class='ocrx_word' id='word_1_91' title='bbox 1323 897 1586 953; x_wconf 86' lang='lat' dir='ltr'><strong>condicione,</strong></span> <span class='ocrx_word' id='word_1_92' title='bbox 1600 899 1649 940; x_wconf 86' lang='lat' dir='ltr'><strong>ut</strong></span> <span class='ocrx_word' id='word_1_93' title='bbox 1656 898 1820 954; x_wconf 87' lang='lat' dir='ltr'><strong>primus</strong></span> 
     </span>
     <span class='ocr_line' id='line_1_13' title="bbox 249 964 1821 1022; baseline 0 -13"><span class='ocrx_word' id='word_1_94' title='bbox 249 978 325 1021; x_wconf 86' lang='lat' dir='ltr'><strong>pes</strong></span> <span class='ocrx_word' id='word_1_95' title='bbox 344 975 492 1022; x_wconf 72' lang='lat' dir='ltr'><strong>¹purus</strong></span> <span class='ocrx_word' id='word_1_96' title='bbox 531 969 785 1021; x_wconf 83' lang='lat' dir='ltr'><strong>anapaestus</strong></span> <span class='ocrx_word' id='word_1_97' title='bbox 817 971 930 1009; x_wconf 88' lang='lat' dir='ltr'><strong>esset</strong></span> <span class='ocrx_word' id='word_1_98' title='bbox 958 968 1066 1022; x_wconf 88' lang='lat' dir='ltr'><strong>(pag.</strong></span> <span class='ocrx_word' id='word_1_99' title='bbox 1089 967 1172 1021; x_wconf 88' lang='lat'><strong>35).</strong></span> <span class='ocrx_word' id='word_1_100' title='bbox 1214 965 1405 1009; x_wconf 86' lang='lat' dir='ltr'><strong>Maxima</strong></span> <span class='ocrx_word' id='word_1_101' title='bbox 1438 965 1570 1020; x_wconf 89' lang='lat' dir='ltr'><strong>igitur</strong></span> <span class='ocrx_word' id='word_1_102' title='bbox 1601 964 1821 1020; x_wconf 73' lang='lat' dir='ltr'><strong>diligentia</strong></span> 
     </span>
     <span class='ocr_line' id='line_1_14' title="bbox 248 1026 1819 1090; baseline 0.001 -15"><span class='ocrx_word' id='word_1_103' title='bbox 248 1026 378 1089; x_wconf 80' lang='lat' dir='ltr'><strong>primi</strong></span> <span class='ocrx_word' id='word_1_104' title='bbox 396 1033 519 1089; x_wconf 88' lang='lat' dir='ltr'><strong>pedis</strong></span> <span class='ocrx_word' id='word_1_105' title='bbox 533 1037 729 1076; x_wconf 89' lang='lat' dir='ltr'><strong>naturam</strong></span> <span class='ocrx_word' id='word_1_106' title='bbox 751 1034 1046 1090; x_wconf 83' lang='lat' dir='ltr'><strong>respiciebant.</strong></span> <span class='ocrx_word' id='word_1_107' title='bbox 1078 1034 1228 1089; x_wconf 83' lang='lat' dir='ltr'><strong>Itaque</strong></span> <span class='ocrx_word' id='word_1_108' title='bbox 1244 1033 1540 1087; x_wconf 87' lang='lat' dir='ltr'><strong>Alexandrini,</strong></span> <span class='ocrx_word' id='word_1_109' title='bbox 1561 1046 1819 1088; x_wconf 86' lang='lat' dir='ltr'><strong>quamquam</strong></span> 
     </span>
     <span class='ocr_line' id='line_1_15' title="bbox 247 1101 1819 1157; baseline 0 -14"><span class='ocrx_word' id='word_1_110' title='bbox 247 1101 621 1156; x_wconf 19' lang='lat' dir='ltr'><strong>paroemiacumffa</strong></span> <span class='ocrx_word' id='word_1_111' title='bbox 655 1101 781 1156; x_wconf 87' lang='lat' dir='ltr'><strong>longa</strong></span> <span class='ocrx_word' id='word_1_112' title='bbox 810 1101 977 1156; x_wconf 82' lang='lat' dir='ltr'><strong>syllaba</strong></span> <span class='ocrx_word' id='word_1_113' title='bbox 999 1102 1277 1157; x_wconf 86' lang='lat' dir='ltr'><strong>incipientem</strong></span> <span class='ocrx_word' id='word_1_114' title='bbox 1301 1114 1378 1157; x_wconf 89' lang='lat' dir='ltr'><strong>pro</strong></span> <span class='ocrx_word' id='word_1_115' title='bbox 1400 1101 1666 1156; x_wconf 86' lang='lat' dir='ltr'><strong>anapaestico</strong></span> <span class='ocrx_word' id='word_1_116' title='bbox 1691 1114 1819 1143; x_wconf 80' lang='lat' dir='ltr'><strong>versu</strong></span> 
     </span>
     <span class='ocr_line' id='line_1_16' title="bbox 250 1167 1818 1223; baseline 0.001 -12"><span class='ocrx_word' id='word_1_117' title='bbox 250 1167 451 1211; x_wconf 83' lang='lat' dir='ltr'><strong>habuisse</strong></span> <span class='ocrx_word' id='word_1_118' title='bbox 474 1196 484 1200; x_wconf 59' lang='lat'><strong>-›</strong></span> <span class='ocrx_word' id='word_1_119' title='bbox 495 1167 699 1211; x_wconf 89' lang='lat' dir='ltr'><strong>credendi</strong></span> <span class='ocrx_word' id='word_1_120' title='bbox 739 1173 856 1223; x_wconf 86' lang='lat' dir='ltr'><strong>sunt,</strong></span> <span class='ocrx_word' id='word_1_121' title='bbox 900 1173 1043 1211; x_wconf 90' lang='lat' dir='ltr'><strong>tamen</strong></span> <span class='ocrx_word' id='word_1_122' title='bbox 1086 1183 1256 1212; x_wconf 88' lang='lat' dir='ltr'><strong>versum</strong></span> <span class='ocrx_word' id='word_1_123' title='bbox 1289 1169 1341 1211; x_wconf 90' lang='lat' dir='ltr'><strong>ab</strong></span> <span class='ocrx_word' id='word_1_124' title='bbox 1373 1167 1512 1213; x_wconf 87' lang='lat' dir='ltr'><strong>iambo</strong></span> <span class='ocrx_word' id='word_1_125' title='bbox 1543 1168 1818 1223; x_wconf 85' lang='lat' dir='ltr'><strong>incipientem</strong></span> 
     </span>
     <span class='ocr_line' id='line_1_17' title="bbox 248 1234 1818 1292; baseline 0 -13"><span class='ocrx_word' id='word_1_126' title='bbox 248 1238 365 1279; x_wconf 90' lang='lat' dir='ltr'><strong>certe</strong></span> <span class='ocrx_word' id='word_1_127' title='bbox 395 1235 517 1279; x_wconf 92' lang='lat' dir='ltr'><strong>nullo</strong></span> <span class='ocrx_word' id='word_1_128' title='bbox 537 1234 665 1279; x_wconf 90' lang='lat' dir='ltr'><strong>modo</strong></span> <span class='ocrx_word' id='word_1_129' title='bbox 685 1235 799 1279; x_wconf 89' lang='lat' dir='ltr'><strong>inter</strong></span> <span class='ocrx_word' id='word_1_130' title='bbox 818 1237 1112 1292; x_wconf 87' lang='lat' dir='ltr'><strong>anapaesticos</strong></span> <span class='ocrx_word' id='word_1_131' title='bbox 1133 1235 1425 1280; x_wconf 74' lang='lat' dir='ltr'><strong>numerabant„</strong></span> <span class='ocrx_word' id='word_1_132' title='bbox 1467 1234 1589 1287; x_wconf 87' lang='lat' dir='ltr'><strong>Quod</strong></span> <span class='ocrx_word' id='word_1_133' title='bbox 1614 1234 1818 1279; x_wconf 75' lang='lat' dir='ltr'><strong>facillime</strong></span> 
     </span>
     <span class='ocr_line' id='line_1_18' title="bbox 247 1303 1817 1358; baseline 0 -13"><span class='ocrx_word' id='word_1_134' title='bbox 247 1304 348 1347; x_wconf 82' lang='lat' dir='ltr'><strong>fieri</strong></span> <span class='ocrx_word' id='word_1_135' title='bbox 376 1305 518 1358; x_wconf 89' lang='lat' dir='ltr'><strong>potuit</strong></span> <span class='ocrx_word' id='word_1_136' title='bbox 546 1303 736 1346; x_wconf 89' lang='lat' dir='ltr'><strong>secundo</strong></span> <span class='ocrx_word' id='word_1_137' title='bbox 763 1304 940 1357; x_wconf 66' lang='lat' dir='ltr'><strong>⁴saeculo</strong></span> <span class='ocrx_word' id='word_1_138' title='bbox 967 1304 1219 1347; x_wconf 87' lang='lat' dir='ltr'><strong>Christiano.</strong></span> <span class='ocrx_word' id='word_1_139' title='bbox 1249 1304 1354 1346; x_wconf 83' lang='lat' dir='ltr'><strong>Tum</strong></span> <span class='ocrx_word' id='word_1_140' title='bbox 1381 1303 1495 1346; x_wconf 91' lang='lat' dir='ltr'><strong>enim</strong></span> <span class='ocrx_word' id='word_1_141' title='bbox 1520 1306 1666 1358; x_wconf 89' lang='lat' dir='ltr'><strong>poetas</strong></span> <span class='ocrx_word' id='word_1_142' title='bbox 1690 1303 1817 1358; x_wconf 87' lang='lat' dir='ltr'><strong>ipsos,</strong></span> 
     </span>
     <span class='ocr_line' id='line_1_19' title="bbox 246 1367 1818 1427; baseline 0 -14"><span class='ocrx_word' id='word_1_143' title='bbox 246 1384 352 1413; x_wconf 90' lang='lat' dir='ltr'><strong>num</strong></span> <span class='ocrx_word' id='word_1_144' title='bbox 383 1370 641 1426; x_wconf 89' lang='lat' dir='ltr'><strong>paroemiaci</strong></span> <span class='ocrx_word' id='word_1_145' title='bbox 671 1371 836 1426; x_wconf 89' lang='lat' dir='ltr'><strong>primus</strong></span> <span class='ocrx_word' id='word_1_146' title='bbox 861 1384 938 1427; x_wconf 88' lang='lat' dir='ltr'><strong>pes</strong></span> <span class='ocrx_word' id='word_1_147' title='bbox 969 1371 1137 1415; x_wconf 89' lang='lat' dir='ltr'><strong>iambus</strong></span> <span class='ocrx_word' id='word_1_148' title='bbox 1160 1376 1283 1426; x_wconf 89' lang='lat' dir='ltr'><strong>esset,</strong></span> <span class='ocrx_word' id='word_1_149' title='bbox 1313 1371 1421 1424; x_wconf 84' lang='lat' dir='ltr'><strong>nibil</strong></span> <span class='ocrx_word' id='word_1_150' title='bbox 1447 1383 1619 1414; x_wconf 85' lang='lat' dir='ltr'><strong>curasse</strong></span> <span class='ocrx_word' id='word_1_151' title='bbox 1640 1367 1818 1427; x_wconf 44' lang='lat' dir='ltr'><strong>cap.,II‚I</strong></span> 
     </span>
     <span class='ocr_line' id='line_1_20' title="bbox 250 1438 1817 1497; baseline 0 -17"><span class='ocrx_word' id='word_1_152' title='bbox 250 1438 436 1497; x_wconf 84' lang='lat' dir='ltr'><strong>vidimus</strong></span> <span class='ocrx_word' id='word_1_153' title='bbox 466 1439 573 1494; x_wconf 85' lang='lat' dir='ltr'><strong>(pag.</strong></span> <span class='ocrx_word' id='word_1_154' title='bbox 597 1439 680 1493; x_wconf 88' lang='lat'><strong>53).</strong></span> <span class='ocrx_word' id='word_1_155' title='bbox 726 1439 852 1486; x_wconf 86' lang='lat' dir='ltr'><strong>Hanc</strong></span> <span class='ocrx_word' id='word_1_156' title='bbox 881 1439 1099 1482; x_wconf 83' lang='lat' dir='ltr'><strong>licentiam</strong></span> <span class='ocrx_word' id='word_1_157' title='bbox 1140 1439 1249 1495; x_wconf 89' lang='lat' dir='ltr'><strong>apud</strong></span> <span class='ocrx_word' id='word_1_158' title='bbox 1289 1441 1434 1494; x_wconf 89' lang='lat' dir='ltr'><strong>poetas</strong></span> <span class='ocrx_word' id='word_1_159' title='bbox 1471 1439 1730 1486; x_wconf 82' lang='lat' dir='ltr'><strong>recentiores</strong></span> <span class='ocrx_word' id='word_1_160' title='bbox 1761 1452 1817 1482; x_wconf 83' lang='lat' dir='ltr'><strong>ex</strong></span> 
     </span>
     <span class='ocr_line' id='line_1_21' title="bbox 249 1505 1817 1563; baseline 0 -14"><span class='ocrx_word' id='word_1_161' title='bbox 249 1519 332 1549; x_wconf 88' lang='lat' dir='ltr'><strong>usu</strong></span> <span class='ocrx_word' id='word_1_162' title='bbox 363 1507 639 1550; x_wconf 87' lang='lat' dir='ltr'><strong>anacreontei</strong></span> <span class='ocrx_word' id='word_1_163' title='bbox 669 1510 804 1549; x_wconf 90' lang='lat' dir='ltr'><strong>ortam</strong></span> <span class='ocrx_word' id='word_1_164' title='bbox 835 1519 930 1550; x_wconf 89' lang='lat' dir='ltr'><strong>esse</strong></span> <span class='ocrx_word' id='word_1_165' title='bbox 961 1507 1165 1563; x_wconf 88' lang='lat' dir='ltr'><strong>suspicati</strong></span> <span class='ocrx_word' id='word_1_166' title='bbox 1197 1519 1359 1561; x_wconf 89' lang='lat' dir='ltr'><strong>sumus,</strong></span> <span class='ocrx_word' id='word_1_167' title='bbox 1391 1505 1505 1562; x_wconf 90' lang='lat' dir='ltr'><strong>quod</strong></span> <span class='ocrx_word' id='word_1_168' title='bbox 1536 1507 1579 1549; x_wconf 88' lang='lat' dir='ltr'><strong>et</strong></span> <span class='ocrx_word' id='word_1_169' title='bbox 1602 1520 1625 1548; x_wconf 86' lang='lat' dir='ltr'><strong>a</strong></span> <span class='ocrx_word' id='word_1_170' title='bbox 1652 1505 1817 1563; x_wconf 84' lang='lat' dir='ltr'><strong>duabus</strong></span> 
     </span>
     <span class='ocr_line' id='line_1_22' title="bbox 247 1572 1817 1630; baseline 0 -14"><span class='ocrx_word' id='word_1_171' title='bbox 247 1574 423 1628; x_wconf 83' lang='lat' dir='ltr'><strong>syllabis</strong></span> <span class='ocrx_word' id='word_1_172' title='bbox 463 1573 678 1628; x_wconf 81' lang='lat' dir='ltr'><strong>brevibus,</strong></span> <span class='ocrx_word' id='word_1_173' title='bbox 720 1578 764 1616; x_wconf 90' lang='lat' dir='ltr'><strong>et</strong></span> <span class='ocrx_word' id='word_1_174' title='bbox 794 1573 846 1616; x_wconf 87' lang='lat' dir='ltr'><strong>ab</strong></span> <span class='ocrx_word' id='word_1_175' title='bbox 877 1588 964 1616; x_wconf 89' lang='lat' dir='ltr'><strong>una</strong></span> <span class='ocrx_word' id='word_1_176' title='bbox 1001 1575 1138 1630; x_wconf 86' lang='lat' dir='ltr'><strong>longa,</strong></span> <span class='ocrx_word' id='word_1_177' title='bbox 1180 1577 1223 1617; x_wconf 90' lang='lat' dir='ltr'><strong>et</strong></span> <span class='ocrx_word' id='word_1_178' title='bbox 1253 1574 1304 1616; x_wconf 89' lang='lat' dir='ltr'><strong>ab</strong></span> <span class='ocrx_word' id='word_1_179' title='bbox 1342 1586 1428 1616; x_wconf 88' lang='lat' dir='ltr'><strong>una</strong></span> <span class='ocrx_word' id='word_1_180' title='bbox 1467 1573 1587 1615; x_wconf 88' lang='lat' dir='ltr'><strong>brevi</strong></span> <span class='ocrx_word' id='word_1_181' title='bbox 1625 1572 1817 1628; x_wconf 89' lang='lat' dir='ltr'><strong>incipere</strong></span> 
     </span>
     <span class='ocr_line' id='line_1_23' title="bbox 219 1636 1815 1697; baseline -0.001 -12"><span class='ocrx_word' id='word_1_182' title='bbox 219 1642 410 1697; x_wconf 57' lang='lat' dir='ltr'><strong>»poterat</strong></span> <span class='ocrx_word' id='word_1_183' title='bbox 439 1643 519 1695; x_wconf 52' lang='grc' dir='ltr'><strong>(ὥ</strong></span> <span class='ocrx_word' id='word_1_184' title='bbox 520 1664 717 1680; x_wconf 68' lang='grc'><strong>-----</strong></span> <span class='ocrx_word' id='word_1_185' title='bbox 726 1643 793 1695; x_wconf 73' lang='grc' dir='ltr'><strong>ῦ).“</strong></span> <span class='ocrx_word' id='word_1_186' title='bbox 834 1642 1102 1685; x_wconf 88' lang='lat' dir='ltr'><strong>Recentioris</strong></span> <span class='ocrx_word' id='word_1_187' title='bbox 1142 1643 1292 1685; x_wconf 88' lang='lat' dir='ltr'><strong>aetatis</strong></span> <span class='ocrx_word' id='word_1_188' title='bbox 1312 1652 1436 1685; x_wconf 32' lang='lat' dir='ltr'><strong>*usus</strong></span> <span class='ocrx_word' id='word_1_189' title='bbox 1475 1636 1650 1687; x_wconf 81' lang='lat' dir='ltr'><strong>liberior</strong></span> <span class='ocrx_word' id='word_1_190' title='bbox 1689 1641 1815 1685; x_wconf 86' lang='lat' dir='ltr'><strong>etiam</strong></span> 
     </span>
     <span class='ocr_line' id='line_1_24' title="bbox 246 1702 1814 1769; baseline 0 -19"><span class='ocrx_word' id='word_1_191' title='bbox 246 1708 360 1764; x_wconf 89' lang='lat' dir='ltr'><strong>apud</strong></span> <span class='ocrx_word' id='word_1_192' title='bbox 390 1708 750 1763; x_wconf 87' lang='lat' dir='ltr'><strong>Hephaestionem</strong></span> <span class='ocrx_word' id='word_1_193' title='bbox 781 1710 942 1760; x_wconf 90' lang='lat' dir='ltr'><strong>elucet;</strong></span> <span class='ocrx_word' id='word_1_194' title='bbox 976 1711 1049 1764; x_wconf 88' lang='lat' dir='ltr'><strong>qui</strong></span> <span class='ocrx_word' id='word_1_195' title='bbox 1081 1724 1175 1752; x_wconf 79' lang='lat' dir='ltr'><strong>non.</strong></span> <span class='ocrx_word' id='word_1_196' title='bbox 1198 1702 1323 1752; x_wconf 90' lang='lat' dir='ltr'><strong>modo</strong></span> <span class='ocrx_word' id='word_1_197' title='bbox 1354 1710 1581 1769; x_wconf 85' lang='lat' dir='ltr'><strong>enoplium,</strong></span> <span class='ocrx_word' id='word_1_198' title='bbox 1613 1711 1662 1759; x_wconf 85' lang='lat' dir='ltr'><strong>ut</strong></span> <span class='ocrx_word' id='word_1_199' title='bbox 1690 1710 1814 1751; x_wconf 91' lang='lat' dir='ltr'><strong>modo</strong></span> 
     </span>
     <span class='ocr_line' id='line_1_25' title="bbox 247 1776 1814 1832; baseline 0.001 -14"><span class='ocrx_word' id='word_1_200' title='bbox 247 1776 351 1831; x_wconf 72' lang='lat' dir='ltr'><strong>dixi,</strong></span> <span class='ocrx_word' id='word_1_201' title='bbox 363 1776 476 1830; x_wconf 82' lang='lat' dir='ltr'><strong>inter</strong></span> <span class='ocrx_word' id='word_1_202' title='bbox 488 1788 638 1819; x_wconf 87' lang='lat' dir='ltr'><strong>versus</strong></span> <span class='ocrx_word' id='word_1_203' title='bbox 650 1777 943 1832; x_wconf 87' lang='lat' dir='ltr'><strong>anapaesticos</strong></span> <span class='ocrx_word' id='word_1_204' title='bbox 957 1780 1268 1832; x_wconf 85' lang='lat' dir='ltr'><strong>commemorat,</strong></span> <span class='ocrx_word' id='word_1_205' title='bbox 1285 1776 1361 1820; x_wconf 88' lang='lat' dir='ltr'><strong>sed</strong></span> <span class='ocrx_word' id='word_1_206' title='bbox 1376 1778 1501 1820; x_wconf 90' lang='lat' dir='ltr'><strong>etiam</strong></span> <span class='ocrx_word' id='word_1_207' title='bbox 1512 1777 1597 1832; x_wconf 86' lang='lat'><strong>(14,</strong></span> <span class='ocrx_word' id='word_1_208' title='bbox 1609 1777 1753 1819; x_wconf 55' lang='lat'><strong>9-2-13</strong></span> <span class='ocrx_word' id='word_1_209' title='bbox 1765 1776 1814 1830; x_wconf 86' lang='lat' dir='ltr'><strong>C)</strong></span> 
     </span>
     <span class='ocr_line' id='line_1_26' title="bbox 243 1843 1816 1899; baseline -0.001 -13"><span class='ocrx_word' id='word_1_210' title='bbox 243 1843 498 1886; x_wconf 83' lang='lat' dir='ltr'><strong>telesilleum</strong></span> <span class='ocrx_word' id='word_1_211' title='bbox 538 1843 607 1885; x_wconf 83' lang='grc' dir='ltr'><strong>ἅδ’</strong></span> <span class='ocrx_word' id='word_1_212' title='bbox 631 1845 838 1898; x_wconf 84' lang='grc' dir='ltr'>Ἄρτεμις,</span> <span class='ocrx_word' id='word_1_213' title='bbox 877 1845 911 1885; x_wconf 88' lang='grc' dir='ltr'>ὦ</span> <span class='ocrx_word' id='word_1_214' title='bbox 949 1846 1088 1898; x_wconf 82' lang='grc' dir='ltr'>κόραι,</span> <span class='ocrx_word' id='word_1_215' title='bbox 1129 1858 1387 1899; x_wconf 89' lang='lat' dir='ltr'><strong>quamquam</strong></span> <span class='ocrx_word' id='word_1_216' title='bbox 1426 1858 1452 1886; x_wconf 91' lang='lat' dir='ltr'><strong>a</strong></span> <span class='ocrx_word' id='word_1_217' title='bbox 1486 1845 1614 1899; x_wconf 89' lang='lat' dir='ltr'><strong>longa</strong></span> <span class='ocrx_word' id='word_1_218' title='bbox 1653 1843 1816 1898; x_wconf 81' lang='lat' dir='ltr'><strong>syllaba</strong></span> 
     </span>
     <span class='ocr_line' id='line_1_27' title="bbox 244 1912 1814 1968; baseline 0.001 -15"><span class='ocrx_word' id='word_1_219' title='bbox 244 1912 408 1967; x_wconf 90' lang='lat' dir='ltr'><strong>incipit,</strong></span> <span class='ocrx_word' id='word_1_220' title='bbox 426 1924 598 1957; x_wconf 86' lang='lat' dir='ltr'><strong>versum</strong></span> <span class='ocrx_word' id='word_1_221' title='bbox 615 1912 931 1966; x_wconf 87' lang='lat' dir='ltr'><strong>anapaesticum</strong></span> <span class='ocrx_word' id='word_1_222' title='bbox 948 1913 1140 1968; x_wconf 89' lang='lat' dir='ltr'><strong>appellat,</strong></span> <span class='ocrx_word' id='word_1_223' title='bbox 1158 1915 1254 1955; x_wconf 86' lang='lat' dir='ltr'><strong>cum</strong></span> <span class='ocrx_word' id='word_1_224' title='bbox 1273 1913 1355 1955; x_wconf 87' lang='lat' dir='ltr'><strong>alio</strong></span> <span class='ocrx_word' id='word_1_225' title='bbox 1370 1913 1464 1955; x_wconf 83' lang='lat' dir='ltr'><strong>loco</strong></span> <span class='ocrx_word' id='word_1_226' title='bbox 1480 1913 1750 1966; x_wconf 82' lang='lat'><strong>(35,10-11</strong></span> <span class='ocrx_word' id='word_1_227' title='bbox 1765 1912 1814 1966; x_wconf 83' lang='lat' dir='ltr'><strong>G)</strong></span> 
     </span>
     <span class='ocr_line' id='line_1_28' title="bbox 244 1978 1814 2037; baseline 0.001 -16"><span class='ocrx_word' id='word_1_228' title='bbox 244 1982 362 2022; x_wconf 88' lang='lat' dir='ltr'><strong>recte</strong></span> <span class='ocrx_word' id='word_1_229' title='bbox 402 1978 633 2021; x_wconf 83' lang='lat' dir='ltr'><strong>dimetrum</strong></span> <span class='ocrx_word' id='word_1_230' title='bbox 672 1980 863 2022; x_wconf 90' lang='lat' dir='ltr'><strong>ionicum</strong></span> <span class='ocrx_word' id='word_1_231' title='bbox 905 1982 1116 2037; x_wconf 87' lang='lat' dir='ltr'><strong>agnoscat.</strong></span> <span class='ocrx_word' id='word_1_232' title='bbox 1147 2005 1206 2012; x_wconf 94' lang='lat'><strong>—-</strong></span> <span class='ocrx_word' id='word_1_233' title='bbox 1242 1980 1429 2034; x_wconf 51' lang='lat' dir='ltr'><strong>Trichas,</strong></span> <span class='ocrx_word' id='word_1_234' title='bbox 1457 1979 1580 2037; x_wconf 87' lang='lat' dir='ltr'><strong>plura</strong></span> <span class='ocrx_word' id='word_1_235' title='bbox 1619 1979 1814 2037; x_wconf 84' lang='lat' dir='ltr'><strong>exempla</strong></span> 
     </span>
    </p>
   </div>
   <div class='ocr_carea' id='block_1_7' title="bbox 244 2048 1945 2175">
    <p class='ocr_par' dir='ltr' id='par_1_7' title="bbox 244 2048 1945 2175">
     <span class='ocr_line' id='line_1_29' title="bbox 244 2048 1942 2112; baseline 0 -23"><span class='ocrx_word' id='word_1_236' title='bbox 244 2049 491 2112; x_wconf 15' lang='lat' dir='ltr'><strong>formarum*</strong></span> <span class='ocrx_word' id='word_1_237' title='bbox 510 2048 852 2093; x_wconf 84' lang='lat' dir='ltr'><strong>catalecticarum</strong></span> <span class='ocrx_word' id='word_1_238' title='bbox 883 2049 1020 2102; x_wconf 78' lang='lat' dir='ltr'><strong>affert,</strong></span> <span class='ocrx_word' id='word_1_239' title='bbox 1052 2062 1160 2102; x_wconf 89' lang='lat' dir='ltr'><strong>quae</strong></span> <span class='ocrx_word' id='word_1_240' title='bbox 1193 2062 1247 2091; x_wconf 83' lang='lat' dir='ltr'><strong>ex</strong></span> <span class='ocrx_word' id='word_1_241' title='bbox 1271 2049 1504 2090; x_wconf 89' lang='lat' dir='ltr'><strong>Heliodoro</strong></span> <span class='ocrx_word' id='word_1_242' title='bbox 1535 2062 1622 2089; x_wconf 88' lang='lat' dir='ltr'><strong>non</strong></span> <span class='ocrx_word' id='word_1_243' title='bbox 1646 2052 1814 2102; x_wconf 81' lang='lat' dir='ltr'><strong>sumpta</strong></span> <span class='ocrx_word' id='word_1_244' title='bbox 1848 2090 1860 2101; x_wconf 21' lang='grc' dir='ltr'>χ</span> <span class='ocrx_word' id='word_1_245' title='bbox 1939 2055 1942 2058; x_wconf 69' lang='grc'><em>“</em></span> 
     </span>
     <span class='ocr_line' id='line_1_30' title="bbox 246 2114 1945 2175; baseline -0.001 -16"><span class='ocrx_word' id='word_1_246' title='bbox 246 2126 340 2159; x_wconf 87' lang='lat' dir='ltr'><strong>esse</strong></span> <span class='ocrx_word' id='word_1_247' title='bbox 379 2114 596 2174; x_wconf 85' lang='lat' dir='ltr'><strong>quantitas</strong></span> <span class='ocrx_word' id='word_1_248' title='bbox 635 2114 891 2169; x_wconf 87' lang='lat' dir='ltr'><strong>syllabarum</strong></span> <span class='ocrx_word' id='word_1_249' title='bbox 933 2128 1060 2172; x_wconf 89' lang='lat' dir='ltr'><strong>saepe</strong></span> <span class='ocrx_word' id='word_1_250' title='bbox 1101 2115 1294 2172; x_wconf 78' lang='lat' dir='ltr'><strong>neglecta</strong></span> <span class='ocrx_word' id='word_1_251' title='bbox 1322 2114 1512 2175; x_wconf 51' lang='lat' dir='ltr'><strong>,indicam</strong></span> <span class='ocrx_word' id='word_1_252' title='bbox 1554 2127 1811 2171; x_wconf 90' lang='lat' dir='ltr'><strong>quamquam</strong></span> <span class='ocrx_word' id='word_1_253' title='bbox 1887 2117 1891 2120; x_wconf 80' lang='grc'><strong>’</strong></span> <span class='ocrx_word' id='word_1_254' title='bbox 1944 2119 1945 2122; x_wconf 78' lang='grc'>’</span> 
     </span>
    </p>
   </div>
   <div class='ocr_carea' id='block_1_8' title="bbox 244 2176 1831 2374">
    <p class='ocr_par' dir='ltr' id='par_1_8' title="bbox 244 2176 1831 2374">
     <span class='ocr_line' id='line_1_31' title="bbox 246 2176 1812 2240; baseline 0 -16"><span class='ocrx_word' id='word_1_255' title='bbox 246 2183 423 2224; x_wconf 85' lang='lat' dir='ltr'><strong>dubium</strong></span> <span class='ocrx_word' id='word_1_256' title='bbox 443 2227 445 2229; x_wconf 64' lang='grc'>,</span> <span class='ocrx_word' id='word_1_257' title='bbox 467 2195 561 2226; x_wconf 87' lang='lat' dir='ltr'><strong>esse</strong></span> <span class='ocrx_word' id='word_1_258' title='bbox 601 2176 687 2224; x_wconf 82' lang='lat' dir='ltr'><strong>non</strong></span> <span class='ocrx_word' id='word_1_259' title='bbox 717 2186 868 2239; x_wconf 88' lang='lat' dir='ltr'><strong>potest,</strong></span> <span class='ocrx_word' id='word_1_260' title='bbox 910 2185 1014 2238; x_wconf 90' lang='lat' dir='ltr'><strong>quin</strong></span> <span class='ocrx_word' id='word_1_261' title='bbox 1054 2185 1168 2225; x_wconf 88' lang='lat' dir='ltr'><strong>inter</strong></span> <span class='ocrx_word' id='word_1_262' title='bbox 1206 2188 1317 2225; x_wconf 86' lang='lat' dir='ltr'><strong>artes</strong></span> <span class='ocrx_word' id='word_1_263' title='bbox 1358 2183 1598 2240; x_wconf 83' lang='lat' dir='ltr'><strong>deperditas</strong></span> <span class='ocrx_word' id='word_1_264' title='bbox 1638 2183 1812 2237; x_wconf 80' lang='lat' dir='ltr'><strong>fuerint,</strong></span> 
     </span>
     <span class='ocr_line' id='line_1_32' title="bbox 245 2249 1812 2310; baseline 0 -17"><span class='ocrx_word' id='word_1_265' title='bbox 245 2262 356 2305; x_wconf 89' lang='lat' dir='ltr'><strong>quae</strong></span> <span class='ocrx_word' id='word_1_266' title='bbox 394 2249 500 2292; x_wconf 88' lang='lat' dir='ltr'><strong>tales</strong></span> <span class='ocrx_word' id='word_1_267' title='bbox 539 2249 699 2292; x_wconf 81' lang='lat' dir='ltr'><strong>formas</strong></span> <span class='ocrx_word' id='word_1_268' title='bbox 737 2251 1021 2306; x_wconf 82' lang='lat' dir='ltr'><strong>respicerent3</strong></span> <span class='ocrx_word' id='word_1_269' title='bbox 1065 2251 1255 2306; x_wconf 89' lang='lat' dir='ltr'><strong>alioquin</strong></span> <span class='ocrx_word' id='word_1_270' title='bbox 1298 2251 1412 2294; x_wconf 88' lang='lat' dir='ltr'><strong>enim</strong></span> <span class='ocrx_word' id='word_1_271' title='bbox 1450 2249 1624 2310; x_wconf 79' lang='lat' dir='ltr'><strong>Trichas</strong></span> <span class='ocrx_word' id='word_1_272' title='bbox 1665 2250 1717 2293; x_wconf 90' lang='lat' dir='ltr'><strong>de</strong></span> <span class='ocrx_word' id='word_1_273' title='bbox 1756 2251 1812 2293; x_wconf 91' lang='lat' dir='ltr'><strong>iis</strong></span> 
     </span>
     <span class='ocr_line' id='line_1_33' title="bbox 244 2315 1831 2374; baseline 0.003 -15"><span class='ocrx_word' id='word_1_274' title='bbox 244 2318 407 2359; x_wconf 77' lang='lat' dir='ltr'><strong>dixisse</strong></span> <span class='ocrx_word' id='word_1_275' title='bbox 438 2317 693 2371; x_wconf 75' lang='lat' dir='ltr'><strong>credendus¹</strong></span> <span class='ocrx_word' id='word_1_276' title='bbox 710 2331 796 2359; x_wconf 90' lang='lat' dir='ltr'><strong>non</strong></span> <span class='ocrx_word' id='word_1_277' title='bbox 828 2321 901 2360; x_wconf 86' lang='lat' dir='ltr'><strong>est.</strong></span> <span class='ocrx_word' id='word_1_278' title='bbox 933 2344 989 2362; x_wconf 33' lang='grc' dir='ltr'>ε</span> <span class='ocrx_word' id='word_1_279' title='bbox 1022 2319 1144 2361; x_wconf 88' lang='lat' dir='ltr'><strong>Alter</strong></span> <span class='ocrx_word' id='word_1_280' title='bbox 1173 2315 1375 2374; x_wconf 86' lang='lat' dir='ltr'><strong>procedat</strong></span> <span class='ocrx_word' id='word_1_281' title='bbox 1404 2318 1568 2360; x_wconf 87' lang='lat' dir='ltr'><strong>Plotius</strong></span> <span class='ocrx_word' id='word_1_282' title='bbox 1594 2318 1831 2372; x_wconf 77' lang='lat' dir='ltr'><strong>SacerdoS,</strong></span> 
     </span>
    </p>
   </div>
   <div class='ocr_carea' id='block_1_9' title="bbox 245 2385 1889 2443">
    <p class='ocr_par' dir='ltr' id='par_1_9' title="bbox 245 2385 1889 2443">
     <span class='ocr_line' id='line_1_34' title="bbox 245 2385 1889 2443; baseline 0.001 -15"><span class='ocrx_word' id='word_1_283' title='bbox 245 2385 321 2441; x_wconf 91' lang='lat' dir='ltr'><strong>qui</strong></span> <span class='ocrx_word' id='word_1_284' title='bbox 350 2385 593 2442; x_wconf 86' lang='lat' dir='ltr'><strong>permultos.</strong></span> <span class='ocrx_word' id='word_1_285' title='bbox 617 2398 769 2429; x_wconf 86' lang='lat' dir='ltr'><strong>versus</strong></span> <span class='ocrx_word' id='word_1_286' title='bbox 809 2387 1099 2443; x_wconf 79' lang='lat' dir='ltr'><strong>anapaesticus</strong></span> <span class='ocrx_word' id='word_1_287' title='bbox 1137 2387 1301 2430; x_wconf 88' lang='lat' dir='ltr'><strong>ratione</strong></span> <span class='ocrx_word' id='word_1_288' title='bbox 1336 2385 1601 2442; x_wconf 77' lang='lat' dir='ltr'><strong>ineptissima</strong></span> <span class='ocrx_word' id='word_1_289' title='bbox 1637 2385 1829 2441; x_wconf 73' lang='lat' dir='ltr'><strong>deducit¹</strong></span> <span class='ocrx_word' id='word_1_290' title='bbox 1886 2413 1889 2415; x_wconf 81' lang='lat'><strong><em>—</em></strong></span> 
     </span>
    </p>
   </div>
   <div class='ocr_carea' id='block_1_10' title="bbox 243 2452 1809 2579">
    <p class='ocr_par' dir='ltr' id='par_1_10' title="bbox 243 2452 1809 2579">
     <span class='ocr_line' id='line_1_35' title="bbox 243 2452 1809 2510; baseline 0 -14"><span class='ocrx_word' id='word_1_291' title='bbox 243 2453 334 2508; x_wconf 86' lang='lat' dir='ltr'><strong>(GL</strong></span> <span class='ocrx_word' id='word_1_292' title='bbox 348 2453 413 2495; x_wconf 87' lang='lat' dir='ltr'><strong>VI</strong></span> <span class='ocrx_word' id='word_1_293' title='bbox 430 2454 529 2507; x_wconf 87' lang='lat'><strong>531,</strong></span> <span class='ocrx_word' id='word_1_294' title='bbox 545 2454 601 2495; x_wconf 83' lang='lat'><strong>25</strong></span> <span class='ocrx_word' id='word_1_295' title='bbox 618 2466 731 2509; x_wconf 89' lang='lat' dir='ltr'><strong>sqq.,</strong></span> <span class='ocrx_word' id='word_1_296' title='bbox 721 2469 730 2477; x_wconf 96' lang='lat'><strong>·</strong></span> <span class='ocrx_word' id='word_1_297' title='bbox 755 2455 807 2497; x_wconf 83' lang='lat' dir='ltr'><strong>cf.</strong></span> <span class='ocrx_word' id='word_1_298' title='bbox 823 2466 952 2509; x_wconf 90' lang='lat' dir='ltr'><strong>supra</strong></span> <span class='ocrx_word' id='word_1_299' title='bbox 967 2467 1059 2510; x_wconf 90' lang='lat' dir='ltr'><strong>pag.</strong></span> <span class='ocrx_word' id='word_1_300' title='bbox 1077 2456 1134 2497; x_wconf 91' lang='lat'><strong>80</strong></span> <span class='ocrx_word' id='word_1_301' title='bbox 1149 2454 1243 2510; x_wconf 86' lang='lat' dir='ltr'><strong>sq.);</strong></span> <span class='ocrx_word' id='word_1_302' title='bbox 1267 2454 1392 2496; x_wconf 88' lang='lat' dir='ltr'><strong>cuius</strong></span> <span class='ocrx_word' id='word_1_303' title='bbox 1408 2452 1586 2495; x_wconf 87' lang='lat' dir='ltr'><strong>stultitia</strong></span> <span class='ocrx_word' id='word_1_304' title='bbox 1601 2454 1809 2509; x_wconf 89' lang='lat' dir='ltr'><strong>imprimis</strong></span> 
     </span>
     <span class='ocr_line' id='line_1_36' title="bbox 244 2514 1809 2579; baseline 0.001 -15"><span class='ocrx_word' id='word_1_305' title='bbox 244 2534 295 2564; x_wconf 89' lang='lat' dir='ltr'><strong>ea</strong></span> <span class='ocrx_word' id='word_1_306' title='bbox 330 2534 379 2564; x_wconf 90' lang='lat' dir='ltr'><strong>re</strong></span> <span class='ocrx_word' id='word_1_307' title='bbox 409 2525 594 2578; x_wconf 88' lang='lat' dir='ltr'><strong>apparet,</strong></span> <span class='ocrx_word' id='word_1_308' title='bbox 635 2519 754 2576; x_wconf 92' lang='lat' dir='ltr'><strong>quod</strong></span> <span class='ocrx_word' id='word_1_309' title='bbox 785 2521 1018 2564; x_wconf 82' lang='lat' dir='ltr'><strong>formarum</strong></span> <span class='ocrx_word' id='word_1_310' title='bbox 1059 2514 1400 2566; x_wconf 87' lang='lat' dir='ltr'><strong>catalecticarum</strong></span> <span class='ocrx_word' id='word_1_311' title='bbox 1440 2522 1657 2579; x_wconf 88' lang='lat' dir='ltr'><strong>exemplis,</strong></span> <span class='ocrx_word' id='word_1_312' title='bbox 1699 2535 1809 2579; x_wconf 88' lang='lat' dir='ltr'><strong>quae</strong></span> 
     </span>
    </p>
   </div>
   <div class='ocr_carea' id='block_1_11' title="bbox 243 2576 2000 2653">
    <p class='ocr_par' dir='ltr' id='par_1_11' title="bbox 243 2576 2000 2653">
     <span class='ocr_line' id='line_1_37' title="bbox 243 2576 2000 2653; baseline 0 -21"><span class='ocrx_word' id='word_1_313' title='bbox 243 2590 335 2645; x_wconf 88' lang='lat' dir='ltr'><strong>ipse</strong></span> <span class='ocrx_word' id='word_1_314' title='bbox 359 2590 445 2632; x_wconf 90' lang='lat' dir='ltr'><strong>sibi</strong></span> <span class='ocrx_word' id='word_1_315' title='bbox 468 2589 611 2644; x_wconf 85' lang='lat' dir='ltr'><strong>finxit,</strong></span> <span class='ocrx_word' id='word_1_316' title='bbox 642 2589 804 2644; x_wconf 86' lang='lat' dir='ltr'><strong>dactyli</strong></span> <span class='ocrx_word' id='word_1_317' title='bbox 825 2578 1099 2632; x_wconf 85' lang='lat' dir='ltr'><strong>continentur</strong></span> <span class='ocrx_word' id='word_1_318' title='bbox 1118 2590 1185 2632; x_wconf 84' lang='lat' dir='ltr'><strong>vel</strong></span> <span class='ocrx_word' id='word_1_319' title='bbox 1211 2592 1257 2632; x_wconf 91' lang='lat' dir='ltr'><strong>in</strong></span> <span class='ocrx_word' id='word_1_320' title='bbox 1283 2593 1514 2633; x_wconf 88' lang='lat' dir='ltr'><strong>metrorum</strong></span> <span class='ocrx_word' id='word_1_321' title='bbox 1538 2589 1647 2645; x_wconf 92' lang='lat' dir='ltr'><strong>pede</strong></span> <span class='ocrx_word' id='word_1_322' title='bbox 1670 2592 1808 2653; x_wconf 86' lang='lat' dir='ltr'><strong>poste·</strong></span> <span class='ocrx_word' id='word_1_323' title='bbox 1857 2616 1860 2617; x_wconf 32' lang='grc' dir='ltr'><em>ν</em></span> <span class='ocrx_word' id='word_1_324' title='bbox 1907 2615 1910 2620; x_wconf 93' lang='grc'>-</span> <span class='ocrx_word' id='word_1_325' title='bbox 1960 2576 1962 2579; x_wconf 16' lang='lat' dir='ltr'>V</span> <span class='ocrx_word' id='word_1_326' title='bbox 1998 2588 2000 2590; x_wconf 70' lang='grc'>’</span> 
     </span>
    </p>
   </div>
   <div class='ocr_carea' id='block_1_12' title="bbox 241 2658 1816 2783">
    <p class='ocr_par' dir='ltr' id='par_1_12' title="bbox 241 2658 1816 2779">
     <span class='ocr_line' id='line_1_38' title="bbox 241 2658 1808 2719; baseline 0.001 -19"><span class='ocrx_word' id='word_1_327' title='bbox 241 2658 367 2711; x_wconf 91' lang='lat' dir='ltr'><strong>riore,</strong></span> <span class='ocrx_word' id='word_1_328' title='bbox 400 2659 477 2713; x_wconf 89' lang='lat' dir='ltr'><strong>qui</strong></span> <span class='ocrx_word' id='word_1_329' title='bbox 506 2670 649 2714; x_wconf 89' lang='lat' dir='ltr'><strong>neque</strong></span> <span class='ocrx_word' id='word_1_330' title='bbox 678 2659 723 2701; x_wconf 92' lang='lat' dir='ltr'><strong>in</strong></span> <span class='ocrx_word' id='word_1_331' title='bbox 754 2659 984 2718; x_wconf 85' lang='lat' dir='ltr'><strong>tragoediis</strong></span> <span class='ocrx_word' id='word_1_332' title='bbox 1015 2672 1156 2716; x_wconf 86' lang='lat' dir='ltr'><strong>neque</strong></span> <span class='ocrx_word' id='word_1_333' title='bbox 1186 2659 1233 2700; x_wconf 91' lang='lat' dir='ltr'><strong>in</strong></span> <span class='ocrx_word' id='word_1_334' title='bbox 1257 2658 1545 2700; x_wconf 87' lang='lat' dir='ltr'><strong>recentiorum</strong></span> <span class='ocrx_word' id='word_1_335' title='bbox 1569 2661 1808 2719; x_wconf 84' lang='lat' dir='ltr'><strong>temporum</strong></span> 
     </span>
     <span class='ocr_line' id='line_1_39' title="bbox 243 2721 1816 2783; baseline 0 -15"><span class='ocrx_word' id='word_1_336' title='bbox 243 2727 534 2768; x_wconf 89' lang='lat' dir='ltr'><strong>monumentis</strong></span> <span class='ocrx_word' id='word_1_337' title='bbox 565 2726 740 2768; x_wconf 88' lang='lat' dir='ltr'><strong>admissi</strong></span> <span class='ocrx_word' id='word_1_338' title='bbox 771 2728 882 2769; x_wconf 89' lang='lat' dir='ltr'><strong>sunt</strong></span> <span class='ocrx_word' id='word_1_339' title='bbox 925 2726 1070 2783; x_wconf 78' lang='lat' dir='ltr'><strong>Affert</strong></span> <span class='ocrx_word' id='word_1_340' title='bbox 1099 2728 1239 2768; x_wconf 88' lang='lat' dir='ltr'><strong>autem</strong></span> <span class='ocrx_word' id='word_1_341' title='bbox 1271 2727 1357 2767; x_wconf 86' lang='lat' dir='ltr'><strong>tres</strong></span> <span class='ocrx_word' id='word_1_342' title='bbox 1381 2725 1584 2768; x_wconf 88' lang='lat' dir='ltr'><strong>terminos</strong></span> <span class='ocrx_word' id='word_1_343' title='bbox 1610 2721 1816 2779; x_wconf 65' lang='lat' dir='ltr'><strong>Graecos„</strong></span> 
     </span>
    </p>
   </div>
   <div class='ocr_carea' id='block_1_13' title="bbox 243 2790 1804 2859">
    <p class='ocr_par' dir='ltr' id='par_1_13' title="bbox 243 2790 1804 2859">
     <span class='ocr_line' id='line_1_40' title="bbox 243 2790 1804 2859; baseline -0.001 -22"><span class='ocrx_word' id='word_1_344' title='bbox 243 2793 402 2850; x_wconf 89' lang='lat' dir='ltr'><strong>quibus</strong></span> <span class='ocrx_word' id='word_1_345' title='bbox 438 2795 581 2837; x_wconf 81' lang='lat' dir='ltr'><strong>variae</strong></span> <span class='ocrx_word' id='word_1_346' title='bbox 619 2794 782 2837; x_wconf 82' lang='lat' dir='ltr'><strong>formae</strong></span> <span class='ocrx_word' id='word_1_347' title='bbox 815 2807 1018 2859; x_wconf 82' lang='lat' dir='ltr'><strong>versuum</strong></span> <span class='ocrx_word' id='word_1_348' title='bbox 1058 2807 1169 2850; x_wconf 90' lang='grc' dir='ltr'>ιιοιι</span> <span class='ocrx_word' id='word_1_349' title='bbox 1184 2795 1445 2855; x_wconf 83' lang='lat' dir='ltr'><strong>integrorum</strong></span> <span class='ocrx_word' id='word_1_350' title='bbox 1485 2790 1804 2849; x_wconf 78' lang='lat' dir='ltr'><strong>significentur:</strong></span> 
     </span>
    </p>
   </div>
   <div class='ocr_carea' id='block_1_14' title="bbox 242 2847 2035 2917">
    <p class='ocr_par' dir='ltr' id='par_1_14' title="bbox 242 2847 2035 2917">
     <span class='ocr_line' id='line_1_41' title="bbox 242 2847 2035 2917; baseline 0.001 -15"><span class='ocrx_word' id='word_1_351' title='bbox 242 2859 467 2914; x_wconf 83' lang='grc' dir='ltr'><strong>κολουρός,</strong></span> <span class='ocrx_word' id='word_1_352' title='bbox 479 2862 1015 2916; x_wconf 84' lang='grc' dir='ltr'>μειουρός,καταληκτικός;</span> <span class='ocrx_word' id='word_1_353' title='bbox 1027 2861 1200 2907; x_wconf 85' lang='lat' dir='ltr'><strong>Mallius</strong></span> <span class='ocrx_word' id='word_1_354' title='bbox 1209 2852 1620 2915; x_wconf 77' lang='lat' dir='ltr'><strong>Theodorus(GLVI</strong></span> <span class='ocrx_word' id='word_1_355' title='bbox 1628 2861 1726 2914; x_wconf 80' lang='grc'>596,</span> <span class='ocrx_word' id='word_1_356' title='bbox 1735 2853 1818 2917; x_wconf 54' lang='lat'><strong>19),</strong></span> <span class='ocrx_word' id='word_1_357' title='bbox 1854 2859 1857 2862; x_wconf 74' lang='grc'>’</span> <span class='ocrx_word' id='word_1_358' title='bbox 1880 2857 1893 2900; x_wconf 69' lang='grc' dir='ltr'>ἶ</span> <span class='ocrx_word' id='word_1_359' title='bbox 1914 2847 1931 2889; x_wconf 65' lang='lat' dir='ltr'><strong>-s</strong></span> <span class='ocrx_word' id='word_1_360' title='bbox 2018 2852 2035 2903; x_wconf 56' lang='grc' dir='ltr'>ζ</span> 
     </span>
    </p>
   </div>
   <div class='ocr_carea' id='block_1_15' title="bbox 242 2919 1804 2984">
    <p class='ocr_par' dir='ltr' id='par_1_15' title="bbox 242 2919 1804 2984">
     <span class='ocr_line' id='line_1_42' title="bbox 242 2919 1804 2984; baseline 0.001 -13"><span class='ocrx_word' id='word_1_361' title='bbox 242 2932 441 2984; x_wconf 90' lang='lat' dir='ltr'><strong>quartum</strong></span> <span class='ocrx_word' id='word_1_362' title='bbox 462 2927 599 2971; x_wconf 89' lang='lat' dir='ltr'><strong>addit:</strong></span> <span class='ocrx_word' id='word_1_363' title='bbox 632 2928 830 2982; x_wconf 85' lang='grc' dir='ltr'><strong>κολοβός.</strong></span> <span class='ocrx_word' id='word_1_364' title='bbox 862 2919 1160 2971; x_wconf 88' lang='lat' dir='ltr'><strong>Denominatio</strong></span> <span class='ocrx_word' id='word_1_365' title='bbox 1185 2931 1325 2971; x_wconf 84' lang='lat' dir='ltr'><strong>autem</strong></span> <span class='ocrx_word' id='word_1_366' title='bbox 1347 2940 1547 2971; x_wconf 88' lang='lat' dir='ltr'><strong>versuum</strong></span> <span class='ocrx_word' id='word_1_367' title='bbox 1568 2928 1804 2972; x_wconf 86' lang='lat' dir='ltr'><strong>secundum</strong></span> 
     </span>
    </p>
   </div>
   <div class='ocr_carea' id='block_1_16' title="bbox 1881 3248 2041 3293">
    <p class='ocr_par' dir='ltr' id='par_1_16' title="bbox 1881 3248 2041 3293">
     <span class='ocr_line' id='line_1_43' title="bbox 1881 3248 2041 3293; baseline 0 0"><span class='ocrx_word' id='word_1_368' title='bbox 1881 3248 2041 3293; x_wconf 95' lang='lat' dir='ltr'><strong> </strong></span> 
     </span>
    </p>
   </div>
  </div>
 </body>
</html>
