2041 3293
822 222 877 229 -
941 197 1116 240 69ν-

256 326 342 363 urat
364 337 522 373 serpens
545 327 697 365 flamma
718 326 914 364 medullas.
1003 326 1092 374 Thy.
1109 327 1200 364 926:
1308 331 1311 334 ⁴
1385 338 1576 373 magnum,
1601 338 1648 364 ex
1672 328 1751 365 alto

255 383 353 430 ignis
375 384 480 421 fulvo
505 384 634 422 clusus
657 384 698 421 in
722 394 824 421 auro
1073 384 1236 421 culmine
1245 384 1390 431 lapsum
1402 383 1752 431 stabileminplano

255 435 348 477 latet
371 431 566 486 obscurus,
592 452 703 489 quem
726 439 820 477 mihi
835 439 932 476 caeli
1073 441 1185 487 figere
1201 451 1391 487 gressum;
1408 451 1595 487 magnum,
1608 441 1751 488 ingenti

217 504 220 505 ’
257 496 320 543 qui
342 495 444 533 furta
464 494 534 533 luit
558 496 702 533 viscere
726 495 803 533 feto
1073 498 1198 543 strage
1230 496 1414 533 malorum
1437 507 1608 542 pressum
1641 497 1750 534 fracti

184 553 189 559 “
256 551 360 589 dedit
390 555 429 589 et
456 552 584 589 docuit
609 553 773 590 condere
801 552 901 589 vires
1072 553 1242 616 pondera
1270 552 1376 599 regni
1407 563 1486 589 non
1509 553 1650 589 inflexa
1682 552 1683 555 ’

256 611 347 655 arte,
370 608 626 648 Prometheus.
1073 609 1219 647 cervice
1243 609 1354 655 pati.

184 673 313 720 Agam.
331 675 398 712 64.
429 686 508 712 ιιοιι
530 675 585 712 sic
601 675 751 722 Libycis
767 632 931 722 syrtibus
1001 675 1108 712 Here.
1137 673 1217 711 Oet.
1250 674 1342 711 658.
1391 675 1554 711 coniunx
1600 674 1751 712 modico

513 753 515 755 v
613 741 755 778 aequor
1426 732 1545 777 nupta
1567 731 1704 768 marito

111 828 116 832 ,
253 786 342 823 furit
378 786 546 823 alternos
585 787 739 824 volvere
778 786 926 832 fluctus,
1073 798 1151 824 non
1175 787 1365 835 disposito,
1384 788 1489 825 clara
1521 787 1653 825 monili

147 863 149 865 -
221 882 224 887 ,
253 852 334 879 ιιοιι
357 841 491 879 Euxini
520 845 642 889 turget
665 842 714 879 ab
746 842 832 879 imis
1073 846 1195 891 gestat
1224 844 1348 891 pelagi
1372 845 1476 881 dona
1497 845 1677 889 rubentis,

255 901 444 935 commota
472 898 583 936 vadis
613 899 716 936 unda
738 899 857 936 nivali
1072 911 1144 937 nec
1174 901 1411 948 gemmiferas
1445 900 1608 938 detrahit
1638 912 1750 938 aures

255 954 382 992 vicina
405 956 503 1001 polo,
1072 957 1169 1003 lapis
1193 957 1412 994 an-lectus
1435 958 1478 993 in
1501 958 1616 1003 unda,

183 1041 376 1084 Eandem
401 1044 750 1098 compositionem
773 1043 961 1099 reperias
981 1043 1108 1087 Herc.
1129 1044 1211 1087 fur.
1235 1044 1332 1098 185,
1356 1045 1483 1099 1079,
1514 1043 1628 1087 Med.
1651 1046 1750 1100 798,

184 1108 287 1164 Thy.
298 1110 395 1165 806,
407 1110 505 1165 838,
525 1110 653 1154 Herc.
665 1110 755 1154 Oet.
767 1109 865 1166 693,
881 1112 992 1154 1157
1008 1126 1018 1164 ;
1046 1124 1174 1166 quam
1190 1111 1362 1154 saeculo
1377 1114 1527 1167 quarto
1542 1111 1750 1155 Boethius

185 1177 363 1221 stichice
393 1179 583 1222 imitatus
615 1182 680 1221 est
702 1180 777 1234 (cf.
799 1179 912 1229 infra
941 1193 1034 1235 pag.
1058 1181 1140 1233 75).

326 1257 422 1314 Non
464 1258 661 1314 pluribus
704 1259 910 1315 exemplis
955 1272 1062 1315 opus
1109 1262 1188 1314 est,
1236 1259 1392 1314 quibus
1438 1258 1752 1303 demonstretur

168 1325 487 1368 differentiam*
510 1340 706 1381 magnam
741 1327 1007 1370 intercedere
1041 1328 1155 1369 inter
1189 1326 1342 1369 adonei
1379 1340 1505 1369 usum
1537 1327 1750 1370 Graecum

185 1395 229 1436 et
256 1384 556 1449 Annaeanum,
595 1407 704 1449 quae
745 1395 871 1438 etiam
912 1395 974 1438 eis
1008 1394 1115 1438 locis
1153 1407 1357 1450 persaepe
1394 1385 1551 1448 elucet,
1591 1394 1750 1448 quibus

184 1461 373 1504 adoneus
404 1461 565 1504 Graeco
595 1462 669 1504 illo
695 1474 874 1504 munere
897 1462 1089 1504 variandi
1114 1462 1322 1517 fungitur,
1352 1461 1397 1503 id
1419 1461 1532 1516 quod
1554 1462 1751 1518 exempla

186 1542 295 1585 quae
319 1530 531 1585 postrema
554 1529 774 1572 attulimus
799 1529 1048 1573 docuerunt
1092 1529 1212 1573 Haec
1231 1543 1333 1574 vero
1354 1529 1601 1573 differentia
1618 1530 1752 1573 fluxit

186 1609 210 1639 e
241 1596 409 1642 diversa
438 1601 528 1640 arte
559 1599 734 1640 metrica
754 1597 915 1655 Graeca
936 1600 980 1640 et
1003 1597 1164 1653 Latina,
1195 1599 1375 1641 inservit
1395 1601 1539 1641 autem
1559 1598 1750 1642 adoneus

184 1667 447 1710 Annaeanus
483 1670 652 1725 praeter
681 1666 884 1710 Graecam
921 1667 1039 1710 illam
1073 1671 1306 1711 metrorum
1337 1666 1613 1710 variationem
1650 1680 1751 1710 con-

184 1733 429 1777 formationi
444 1735 749 1777 sententiarum
766 1736 809 1777 et
822 1734 1060 1778 affectuum
1074 1734 1359 1790 descriptioni.
1386 1734 1527 1785 Quare
1543 1734 1750 1777 Senecam

185 1815 296 1844 nova
326 1801 586 1845 adoneorum
616 1803 782 1846 ratione
812 1816 937 1845 usum
969 1804 1094 1846 etiam
1131 1804 1177 1845 in
1215 1803 1479 1858 singulorum
1516 1806 1750 1845 metrorum

120 1886 127 1889 -
185 1869 276 1912 sive
301 1872 662 1912 monometrorum
678 1871 992 1925 >compositione
1015 1870 1140 1926 plura
1162 1883 1343 1912 novasse
1367 1883 1492 1912 nemo
1513 1869 1748 1911 mirabitur.

184 1936 241 1979 Et
282 1936 445 1980 Seneca
484 1938 531 1979 in
574 1937 818 1981 adornanda
859 1938 1069 1994 synaphia
1110 1952 1365 1994 quamquam
1402 1937 1663 1980 Graecorum
1702 1950 1749 1981 se

185 2006 438 2048 sectatorem
469 2018 562 2049 esse
593 2007 768 2049 minime
800 1996 1051 2061 dissimulat,
1081 2008 1225 2050 tamen
1255 2021 1280 2049 a
1310 2019 1458 2050 severa
1489 2005 1750 2048 Graecorum

185 2075 349 2117 ratione
377 2076 564 2130 recessit,
596 2088 693 2118 cum
725 2076 769 2117 in
800 2075 891 2118 fine
921 2073 1184 2118 adoneorum
1213 2075 1458 2118 liberiorem
1490 2076 1532 2118 et
1561 2074 1750 2130 syllabae

185 2142 382 2198 ancipitis
414 2146 456 2185 et
484 2143 625 2186 hiatus
655 2157 783 2186 usum
813 2142 894 2185 sibi
927 2142 1190 2185 concederet.

218 2279 220 2281 v
327 2222 491 2271 Seneca
501 2221 562 2277 ¹⁹)'
591 2220 706 2266 82ies
743 2222 994 2279 synaphiam
1028 2222 1241 2279 neglexit3
1284 2221 1399 2266 34ἰθει
1435 2222 1642 2278 syllabam
1676 2237 1751 2266 an·

186 2290 359 2345 cipitem
397 2290 584 2345 admisit,
629 2289 743 2332 34ies
783 2291 964 2345 hiatum,
1007 2291 1216 2345 syllabam
1255 2291 1484 2345 ancipitem
1522 2304 1612 2333 una
1651 2304 1749 2333 cum

186 2357 305 2405 hiatu
337 2355 467 2400 14102.

327 2440 394 2484 Ac
432 2441 619 2496 primum
659 2439 833 2496 quidem
873 2453 945 2484 eos
980 2440 1096 2486 locos
1133 2443 1379 2495 tractemus,
1417 2439 1573 2496 quibus
1610 2442 1752 2483 exstat

185 2508 349 2564 syllaba
377 2522 544 2565 anceps.
585 2509 703 2560 Quae
722 2510 770 2551 in
798 2509 889 2552 fine
915 2509 1306 2564 comprehensionis
1332 2509 1519 2552 occurrit
1543 2507 1671 2562 20102,
1701 2509 1750 2551 in

183 2575 417 2620 levioribus
455 2578 763 2620 sententiarum
802 2577 951 2620 incisis
991 2575 1098 2631 81⁸⁵,
1137 2578 1183 2618 in
1223 2576 1364 2619 media
1403 2578 1613 2619 sententia
1650 2574 1747 2619 650⁸.

187 2644 280 2695 Quo
313 2645 362 2687 in
396 2657 481 2687 usu
519 2644 624 2700 quid
661 2644 833 2700 Graecis
870 2644 1023 2687 debeat
1058 2644 1277 2700 exemplis,
1315 2644 1418 2699 quid
1454 2645 1546 2700 ipse
1582 2645 1752 2687 novarit

185 2712 347 2756 Seneca
360 2712 398 2756 si
414 2713 671 2768 quaerimus,
692 2712 846 2756 adonei
864 2713 973 2756 ratio
993 2712 1066 2755 illa
1081 2712 1313 2755 adhibendi
1326 2713 1561 2755 Annaeana
1576 2711 1750 2768 duplex,

186 2794 313 2835 quam
343 2794 473 2837 supra
492 2782 783 2836 cognovimus,
813 2780 938 2823 nobis
958 2780 1225 2839 respicienda
1246 2782 1321 2822 est.
1363 2776 1417 2823 In
1440 2781 1747 2824 sententiarum

183 2849 274 2893 fine
310 2851 354 2893 et
387 2850 434 2892 in
470 2849 703 2893 levioribus
738 2850 886 2893 incisis
915 2850 1079 2894 Seneca
1108 2853 1210 2906 *post
1243 2850 1402 2892 formas
1432 2862 1533 2892 vere
1570 2861 1751 2904 anapae-

333 2943 593 3020 ¹⁹)·Octaviam
617 2975 749 3019 postea
774 2973 871 3019 (pag.
897 2973 958 3019 71)
982 2972 1163 3009 tractabo.
