2041 3293
900 162 1196 222 ...ω-ι.

213 301 216 306 ·
256 292 342 336 Sed
371 293 480 336 baec
509 292 650 336 torma
677 293 769 336 fflis
792 291 1056 349 temporibus
1082 292 1211 335 etiam
1236 291 1350 349 apud
1369 292 1559 336 Graecos
1579 294 1831 352 pervulgata,

257 367 369 419 erat3
410 363 660 419 exemplum
689 367 756 406 est
784 374 956 405 carmen
984 361 1208 405 Valentini
1244 360 1304 403 ab.
1334 359 1569 441 Hippolyto
1600 363 1847 417 servarim,

257 429 384 486 quod
395 430 754 475 Wilamowitzius
779 429 977 473 tractavit
990 430 1043 482 ¹¹):

615 509 755 550 πάντα
784 507 1020 558 κρεμάμενα
1048 507 1252 558 πνεύματι
1283 481 1440 559 βλέπω,

613 573 751 617 πάντα
779 572 821 616 δ’
842 573 1058 627 ὀχούμενα
1087 572 1289 627 πνεύματι
1318 575 1422 628 νοῶ,

615 643 757 694 σάρκα
787 643 866 693 μὲν
896 642 942 683 ἐκ
973 644 1117 694 ψυχῆς
1146 643 1422 696 κρεμαμένην,

615 711 755 763 ψυχὴν
786 707 825 752 δ’
851 709 982 763 ἀέρος
1012 710 1055 753 ἒξ
1086 709 1303 764 ἐχομένην,
1452 721 1455 723 ’

614 777 720 829 ἀέρα
751 777 791 819 δ’
812 778 857 822 ἐξ
889 777 1042 829 αἴθρης
1073 778 1345 830 κρεμαμένην,

613 845 659 888 ἑκ
691 847 739 888 δὲ
771 847 905 898 βυθοῦ
939 845 1128 898 καρποὺς
1158 845 1438 899 φερομένους,
1494 874 1497 877 -

612 915 663 957 ἐκ
690 915 851 967 μήτρας
882 915 930 956 δὲ
961 914 1127 966 βρέφος
1157 912 1413 966 φερόμενον-

253 999 474 1044 Habemus
506 999 746 1043 trimetrum
784 997 1046 1058 dactylicum
1083 997 1376 1041 catalecticum
1412 999 1459 1040 in
1497 990 1715 1054 syllabam,
1752 999 1826 1043 cui

253 1067 447 1111 adiectus
479 1071 544 1111 est
573 1080 722 1123 paeon.
775 1060 971 1109 Alterum
1011 1065 1258 1121 exemplum
1293 1065 1472 1109 fortasse
1507 1065 1684 1122 praebet
1712 1066 1827 1122 frag-

252 1136 447 1180 mentum
477 1135 640 1192 papyri,
672 1133 787 1191 quod
818 1133 1103 1189 Oxyrhynchi
1131 1134 1354 1189 repertum
1380 1135 1445 1177 est
1455 1134 1498 1189 ⁸).
1544 1133 1670 1177 Hanc
1692 1135 1829 1191 igitur

251 1204 434 1246 formam
457 1195 641 1247 Romani
671 1215 759 1245 non
781 1202 867 1258 ipsi
890 1203 1162 1256 invenerunt,
1193 1201 1269 1244 sed
1294 1215 1320 1244 a
1344 1201 1518 1245 Graecis
1541 1203 1824 1258 acceperunt;
1856 1256 1857 1259 Ἰ

251 1285 351 1315 nam
373 1272 489 1327 quod
513 1283 666 1315 versus
689 1271 828 1314 forma
846 1269 1062 1326 probatur,
1087 1269 1235 1313 idem
1221 1282 1308 1312 iam
1328 1269 1562 1314 similitudo
1584 1270 1827 1326 argumenti

252 1340 296 1383 et
324 1340 370 1382 in
392 1339 613 1383 Valentini
638 1339 826 1382 carmine
851 1341 895 1381 et
916 1337 964 1379 in
985 1329 1181 1380 versibus
1203 1351 1228 1380 a
1245 1329 1499 1381 Terentiano
1521 1329 1657 1381 allatis
1678 1338 1825 1390 docet;

252 1420 425 1452 carmen
471 1407 587 1451 enim
624 1405 993 1460 Valentinianum,
1040 1403 1157 1461 quod
1202 1406 1343 1460 Θέρος
1388 1406 1642 1463 inscriptum
1685 1407 1826 1450 fuisse

250 1476 607 1519 Wilamowitzius
639 1475 834 1528 coniecit,
865 1476 932 1517 est
962 1473 1015 1516 de
1044 1474 1286 1526 πνεύματος
1315 1475 1361 1517 vi
1385 1475 1529 1517 omnia
1552 1477 1823 1532 procreante;

250 1544 368 1600 atqui
398 1557 468 1587 res
497 1543 683 1601 rusticas
714 1542 906 1586 Anniani
936 1538 1093 1584 versus
1115 1541 1181 1583 ini
1210 1542 1421 1584 notissimi
1451 1545 1635 1585 tractant
1655 1536 1825 1585 Terent.

250 1612 389 1655 Maur.
412 1612 640 1655 2001—4:

608 1678 779 1734 quando
809 1678 982 1734 flagella
1010 1678 1147 1733 iugas,
1177 1677 1237 1720 ita
1267 1678 1380 1733 iuga,

609 1748 709 1790 vitis
739 1748 783 1790 et
811 1746 955 1790 ulmus
987 1746 1053 1788 u'ti
1083 1746 1210 1788 simul
1243 1749 1362 1789 eant:

608 1828 707 1857 nam
737 1815 824 1857 nisi
854 1799 942 1858 sint
969 1813 1146 1870 paribus
1174 1813 1417 1869 fruticibus,

608 1882 762 1925 umbra
790 1883 918 1926 necat
942 1883 1116 1944 ,teneras
1147 1882 1363 1926 Amineas.

250 1949 453 2019 spectant
472 1959 604 2016 igitur
623 1959 678 2002 ad
699 1971 898 2016 agrorum
919 1958 1191 2002 fertilitatem.
1233 1958 1431 2015 Denique
1453 1959 1664 2012 Graecum
1692 1959 1825 2003 huius

247 2029 385 2072 metri‘
406 2028 625 2084 originem⁴
645 2028 829 2071 fortasse
860 2027 987 2070 etiam
1015 2026 1265 2078 Victorinus
1300 2029 1490 2083 testatur,
1526 2029 1602 2084 qui
1637 2028 1766 2071 tradit
1796 2042 1822 2071 a

248 2096 491 2153 pastoribus
523 2095 712 2140 Calabris
741 2095 788 2138 id
819 2099 1003 2139 metrum
1028 2094 1266 2146 adhibitum
1291 2108 1405 2148 esse;
1439 2109 1571 2153 quare
1595 2109 1621 2139 a
1645 2086 1824 2139 Graecis

249 2157 477 2215 Calabrica
513 2164 716 2221 appellari
728 2163 774 2221 ⁹)
829 2163 958 2207 Unde
995 2155 1256 2207 Graecorum
1292 2166 1516 2221 poetarum
1553 2176 1647 2207 esse
1682 2163 1820 2207 fetum
1901 2187 1905 2192 ·
1980 2141 1985 2190 s

395 2267 422 2314 7)
444 2267 567 2304 Herm.
584 2267 730 2304 XXXIV
755 2266 890 2313 (1899),
915 2257 1154 2313 pag.{18sq

392 2323 420 2368 ο)
444 2322 535 2369 Pap
553 2322 689 2369 oxy.1,
714 2323 800 2370 fgm.
820 2323 887 2367 15;
913 2322 1270 2369 cf.Gott.ge1.Anz.
1289 2323 1394 2368 1898,
1422 2334 1528 2371 pagg.
1546 2323 1721 2361 ees—96.

392 2378 422 2425 ⁹)
446 2378 548 2419 Haec
576 2378 755 2416 Victorini
789 2378 835 2415 de
871 2378 1041 2415 Calabris
1074 2378 1290 2426 pastoribus
1322 2379 1441 2418 verba
1473 2379 1564 2417 mihi
1595 2390 1674 2418 non
1705 2379 1823 2428 plane
1898 2376 1900 2378 ’

194 2465 197 2469 .
246 2435 360 2483 digna
392 2434 572 2473 videntur
605 2445 699 2481 esse,
730 2435 865 2482 quibus
899 2435 1011 2472 fidem
1044 2435 1262 2472 habeamus.
1298 2434 1339 2472 Si
1371 2435 1472 2474 enim
1501 2425 1622 2474 forma
1652 2436 1817 2484 dactylo-

246 2492 432 2539 paeoniea
465 2491 564 2529 adeo
595 2491 761 2537 vulgaris
793 2493 892 2536 erat,
923 2494 964 2528 ut
994 2489 1146 2528 Calabri
1178 2494 1352 2538 pastores
1388 2492 1535 2530 cantica
1564 2504 1612 2530 ex
1641 2503 1688 2531 ea
1718 2504 1823 2531 eom-
1888 2500 1893 2503 ’

246 2551 442 2595 ponerent,
476 2557 553 2594 quo
585 2545 667 2583 iure
692 2548 839 2585 Terent.
873 2548 990 2585 Maur.
1018 2547 1146 2586 docuit
1179 2548 1228 2594 (v.
1252 2548 1360 2594 1994)
1391 2552 1524 2595 poetas
1554 2550 1628 2587 hoc
1656 2553 1818 2587 metrum

247 2605 460 2643 ‘novasse'?
492 2602 588 2645 Mihi
619 2602 770 2649 quidem
801 2605 898 2642 haec
933 2603 980 2641 de
1011 2604 1187 2642 Calabrio
1217 2607 1338 2643 metro
1369 2604 1542 2644 doctrina
1561 2605 1827 2644 victorinim'

246 2663 331 2697 orta¹
354 2660 505 2697 videtur
528 2669 615 2696 esse
640 2670 687 2695 ex
711 2659 808 2696 falsa
831 2660 995 2697 lectione
1016 2661 1122 2697 verbi
1139 2661 1272 2698 Graeci
1288 2662 1480 2707 κόλαβρος,
1492 2672 1601 2710 qua
1595 2672 1690 2698 voce
1703 2662 1820 2703 Athe-

245 2726 365 2752 naeus
395 2715 544 2752 duobus
574 2713 670 2751 locis
701 2714 760 2760 (iv
774 2715 893 2761 164E,
922 2715 1122 2763 xv6970)
1152 2716 1303 2759 cantica
1331 2716 1518 2765 quaedam
1547 2727 1667 2764 parva
1696 2719 1744 2762 et,
1774 2719 1822 2754 ut

245 2771 406 2817 videtur,
429 2771 573 2808 lasciva
597 2769 794 2817 significat.
819 2771 961 2817 Quibus
986 2772 1028 2808 in
1052 2771 1324 2819 componendis
1347 2783 1433 2810 cum
1457 2783 1640 2820 persaepe
1655 2775 1816 2810 metrum

245 2827 418 2873 dactylo·
423 2818 652 2873 paeonicum'
676 2825 933 2874 adhiberetur,
964 2827 1036 2864 hoc
1065 2831 1226 2865 metrum
1250 2828 1450 2873 κολάβρων
1477 2829 1706 2876 appellatum
1730 2839 1821 2867 esse

244 2892 469 2929 persuasum
492 2882 627 2920 habeo.
653 2881 863 2919 Victorinus
881 2885 1019 2930 autem,
1042 2884 1132 2921 aut
1122 2895 1156 2921 is
1173 2884 1452 2932 grammaticus,
1477 2895 1589 2933 quem
1606 2885 1820 2933 exscripsit,

243 2949 313 2985 pro
337 2939 541 2983 κολάβρων
572 2938 662 2985 legit
692 2938 905 3003 καλιιβριον,
937 2950 1011 3007 qua
1034 2951 1083 2977 ex
1105 2940 1203 2978 falsa
1231 2940 1393 2979 lectione
1416 2941 1514 2978 falsa.
1536 2940 1714 2980 doctr-‘nn
1731 2937 1835 2980 orti..
1904 2924 1958 2974 ‚s-
