2041 3293
915 160 1197 202 —10—

217 301 220 304 ·
265 289 357 332 Ion.
389 290 649 332 475—480:

482 367 569 410 475
601 367 765 410 τὲκνων
796 366 861 419 οἷς
893 366 947 410 ἂν
978 366 1277 420 καρποτρόφοι
1584 367 1683 410 dim.
1721 367 1836 412 chor.

605 435 830 488 λάμπωσιν
861 435 907 477 ἑν
940 435 1140 487 θαλάμοις
1570 434 1682 486 dim.
1722 434 1836 479 chor.

603 503 816 559 πατρίοισι
846 503 1045 555 νεανίδος
1075 502 1170 557 ἧβαι
1584 502 1767 559 paroem.
1789 532 1791 534 ·
1811 504 1818 522 ²
1885 547 1887 549 ,
1987 533 1989 535 -

604 571 853 622 διαδέκτορα
884 572 1076 613 πλοῦτον
1587 573 1675 615 reiz
1689 572 1749 628 ¹⁰).

605 638 668 688 ὡς
699 639 868 689 ἕξοντες
899 639 946 680 ἐκ
975 640 1170 690 πατέρων
1589 641 1687 682 dim.
1720 640 1835 682 chor.

482 705 570 747 480
603 705 762 757 ἑτέροις
794 705 860 748 ἐπὶ
890 706 1064 758 τέκνοις.
1589 709 1749 761 roizw).

412 793 587 835 Constat
625 795 759 849 igitur
794 795 1110 849 paroemiacum
1146 795 1193 836 in
1228 795 1544 850 tragoediarum
1581 797 1838 840 Graecarum
1856 776 1878 857 ,-
1932 788 1933 791 ¹
1983 783 1986 786 ”

268 865 459 920 partibus
487 865 638 918 lyricis
668 865 877 907 insertum
909 878 1002 907 esse
1031 866 1181 907 formis
1210 866 1376 909 ionicis,
1427 866 1561 908 Cuius
1591 867 1714 909 radix
1745 868 1837 910 sine

268 932 399 974 dubio
431 932 512 974 sita
543 934 609 975 est
637 932 685 973 in
716 932 1013 993 antiquissimo
1044 932 1117 974 illo
1149 944 1279 975 versu
1308 932 1514 989 populari,
1546 935 1671 977 cuius
1695 935 1836 978 variae

267 1001 430 1044 formae
482 1002 672 1043 exstant:
725 1002 1065 1054 anacreonteum,
1115 1001 1368 1044 Archilochi
1409 1001 1516 1044 illud
1547 1004 1837 1056 -Ἐρασμονίδη

268 1068 458 1124 Χαρίλαε,
498 1082 626 1124 quam
656 1069 838 1111 formam
871 1082 970 1111 cum
1001 1069 1277 1124 ithyphallico
1319 1070 1593 1113 coniunctam
1624 1071 1838 1126 enoplium

268 1150 422 1181 vocare
454 1137 642 1180 solemus
653 1140 730 1192 ιι);
764 1141 946 1180 metrum
975 1136 1083 1179 illud
1119 1138 1165 1179 in
1202 1138 1432 1181 embaterio
1462 1138 1633 1193 Tyrtaei
1663 1140 1839 1183 stichice

268 1205 520 1259 adhibitum,
552 1206 678 1248 cuius
710 1205 956 1260 exemplum
985 1205 1112 1247 affert
1142 1205 1222 1247 Dio
1255 1205 1604 1260 chrysostomus:
1648 1207 1771 1262 ἄγετ’,
1803 1207 1837 1249 ὦ

268 1274 466 1326 Σπάρτας
508 1273 702 1325 εὐάνὸρω
744 1286 778 1316 e.
802 1287 840 1328 q.
862 1286 906 1328 s.‚
947 1287 1032 1329 quo
1072 1286 1178 1316 usus
1219 1276 1283 1317 est
1321 1275 1449 1326 etiam
1488 1274 1688 1318 Cratinus
1733 1279 1839 1319 teste
1914 1266 1916 1272 ¹

268 1342 587 1396 Hephaestione
612 1355 704 1396 pag.
728 1342 796 1393 27,
820 1343 845 1383 3
870 1341 1044 1383 Consb.:
1078 1342 1201 1391 σιγάν
1222 1356 1300 1384 νυν
1321 1341 1433 1394 ἅπας
1461 1343 1531 1395 ἔχε
1554 1343 1679 1392 σιγάν
1701 1355 1736 1384 e.
1753 1355 1791 1396 q.
1807 1355 1838 1384 s.

268 1409 426 1453 Poetae
465 1409 629 1465 tragici,
670 1423 769 1452 cum
809 1411 1042 1463 systemata
1081 1410 1350 1465 anapaestica
1385 1410 1629 1464 formarent,
1669 1414 1841 1465 propter

268 1479 596 1533 anapaestorum
627 1477 952 1519 similitudinem
979 1477 1220 1520 catalexeos
1249 1491 1407 1520 munus
1437 1478 1490 1520 ad
1521 1478 1639 1521 hunc
1669 1489 1840 1521 versum

269 1545 518 1601 popularem
580 1545 902 1592 transtulerunt.
965 1545 1176 1596 Quoniam
1239 1549 1382 1588 autem
1443 1559 1541 1588 cum
1603 1546 1839 1599 anapaestis

268 1613 518 1655 solemniter
548 1613 923 1668 coniungerentur,
956 1613 1212 1668 paroemiaci
1232 1612 1285 1654 ad
1307 1616 1629 1668 anapaestorum
1651 1612 1840 1668 ipsorum

267 1682 478 1723 rationem
504 1681 665 1723 exculti
688 1682 789 1722 sunt
807 1681 878 1734 ita,
902 1684 951 1722 ut
971 1680 1039 1722 vel
1058 1680 1283 1734 longarum
1303 1680 1561 1733 syllabarum
1585 1681 1838 1722 solutionem

268 1749 525 1803 paterentur.
558 1748 800 1790 Genuinam
831 1751 1026 1789 naturam
1056 1748 1101 1789 in
1133 1747 1282 1801 lyricis
1312 1747 1502 1802 partibus
1527 1759 1677 1789 versus
1707 1758 1840 1802 popu-

267 1816 370 1858 laris
407 1816 604 1870 servavit,
645 1817 803 1871 quippe
841 1817 886 1857 in
924 1816 1079 1870 quibus
1117 1830 1203 1858 non
1240 1816 1364 1858 aliter
1400 1816 1673 1858 adhiberetur
1714 1816 1839 1869 atque

269 1884 377 1926 aliae
413 1884 576 1927 formae
613 1885 829 1938 metricae,
869 1884 1073 1926 nimirum
1111 1883 1328 1926 clausulae
1364 1883 1508 1927 locum
1544 1896 1631 1926 non
1663 1883 1838 1925 teneret.

268 1952 419 2006 Itaque
456 1965 512 1994 ne
547 1953 719 1994 licentia
758 1952 932 2006 quidem
969 1952 1042 1992 illa
1070 1952 1219 2006 longas
1255 1951 1440 2004 syllabas
1470 1952 1515 1992 in
1554 1952 1658 1992 duas
1689 1950 1839 1992 breves

270 2019 535 2062 dissolvendi
564 2020 610 2061 in
642 2020 779 2074 lyrico
804 2019 1071 2075 paroemiaco
1103 2019 1311 2070 occurrit3
1344 2020 1441 2075 puri
1467 2019 1721 2074 plerumque
1741 2030 1840 2059 ana-

268 2089 408 2143 paesti
429 2088 676 2142 decurrunt,
708 2087 925 2142 spondeus
955 2089 1039 2128 nisi
1064 2089 1201 2142 primo
1232 2087 1339 2142 pede
1368 2100 1457 2129 non
1486 2087 1624 2129 fertur
1648 2086 1840 2140 exceptis

270 2155 388 2198 Pers.
412 2155 497 2198 696
529 2154 677 2212 (supra
701 2169 791 2210 pag.
817 2157 858 2209 7)
889 2160 931 2198 et
961 2155 1054 2198 Alc.
1077 2156 1133 2197 94
1164 2157 1310 2210 (supra
1334 2169 1427 2211 pag.
1451 2156 1504 2208 9).

413 2226 589 2269 Praeter
612 2227 928 2280 paroemiacum
952 2226 1142 2268 membra
1165 2238 1266 2267 vere
1291 2227 1556 2281 anapaestica
1577 2223 1839 2279 temporibus

267 2296 642 2352 progredientibus
682 2297 728 2338 in
769 2297 1083 2352 tragoediarum
1127 2301 1273 2351 partes
1312 2296 1468 2350 lyricas
1513 2300 1683 2350 recepta
1728 2298 1839 2348 sunt,

269 2377 379 2420 quae
424 2378 510 2420 qua
548 2365 712 2418 ratione
758 2364 971 2408 adhibitae
1024 2368 1067 2407 et
1111 2363 1239 2408 unde·
1275 2368 1470 2420 sumptae
1515 2364 1603 2407 sint
1646 2364 1731 2405 iam
1775 2363 1840 2405 in-

267 2434 541 2488 vestigemus.
828 2484 832 2489 )
1761 2480 1764 2483 ,

411 2502 646 2546 Dochmios
678 2515 778 2545 cum
808 2502 961 2545 iambis
999 2498 1184 2558 aliisque
1214 2503 1364 2545 formis
1400 2502 1554 2545 ionicis
1591 2501 1839 2544 coniunctos

268 2572 353 2613 iam
384 2571 627 2625 Aeschylus
657 2571 833 2626 praebet
862 2572 964 2613 satis
996 2571 1163 2613 multos.
1196 2571 1385 2622 Quorum
1406 2571 1512 2624 loco,
1545 2582 1643 2612 cum
1665 2568 1838 2613 totidem

268 2639 454 2693 χρόνους
479 2638 696 2693 haberent,
728 2641 863 2682 metra
887 2639 1154 2695 anapaestica
1184 2652 1344 2695 ponere
1369 2639 1552 2695 tragicos
1581 2640 1728 2693 poems
1758 2636 1861 2679 sibi.

416 2772 460 2816 ¹⁰)
484 2772 708 2809 Schroeder:
736 2790 805 2807 υυ
819 2772 1124 2819 pherecr(ateus).
1161 2772 1235 2809 Sed
1254 2772 1299 2810 cf.
1319 2783 1435 2819 supra
1459 2783 1541 2818 pag.
1561 2772 1582 2807 7
1606 2773 1653 2824 et,
1664 2773 1790 2807 annot.
1803 2772 1837 2807 5.

416 2829 461 2875 ¹¹)
488 2828 798 2874 Cf.Wila1nowitz‚
816 2829 992 2865 Heracles
1002 2830 1018 2851 ¹
1029 2830 1070 2874 11,
1088 2840 1170 2875 pag.
1185 2830 1231 2865 27
1245 2840 1299 2875 sq.
1325 2829 1443 2866 Huius
1459 2829 1602 2864 formae
1619 2827 1839 2865 auctoritate

267 2885 371 2922 ducti
395 2887 530 2931 poetae
555 2884 687 2930 tragici
709 2885 861 2931 saepius
880 2884 1163 2932 ithyphallicum
1180 2885 1458 2931 componebant
1474 2894 1560 2921 cum
1575 2882 1692 2930 lyrico
1708 2893 1839 2930 paroe-

266 2941 410 2986 mia003
436 2940 482 2978 cf.
501 2951 617 2987 supra
640 2951 723 2987 pag.
743 2941 829 2987 8sq.
912 2945 915 2948 ⁴
