2041 3293
0 0 71 28 ,ξι-,γά
79 2 83 16 ·.
91 0 144 28 «ὤμ’
186 0 239 18 .·.:'-·‘

0 30 20 46 ,ις
24 25 83 57 „frah
92 32 98 37 -
167 26 192 42 *t

301 305 508 358 μνάσθηθ’
531 305 593 348 ὅτι
622 320 684 348 τοι
715 306 868 358 ζαθέας
898 305 1051 357 Πάρου
1084 305 1128 347 ἑν
1500 307 1589 348 2an

299 374 474 426 γυάλοις
505 374 666 417 ἕσσατο
698 372 842 417 ἄνακτι
1495 375 1544 416 21

300 443 445 497 βωμὸν
476 443 598 495 πατρί
627 456 672 486 τε
705 442 868 498 Κρονίῳ
1078 484 1082 488 ,
1495 443 1593 485 dim.
1616 443 1729 486 chor.

297 512 475 564 τιμάεντι
505 512 637 562 πέραν
669 511 825 563 ἰσθμὸν
856 512 1029 565 διαβαίς,
1500 512 1588 552 2an

210 580 267 621 40
300 579 371 622 ὅτε
400 579 657 630 Λαομέδοντι
686 579 972 631 πεπρωμένοι’
1496 593 1550 620 an
1575 587 1616 627 -ι-
1640 580 1655 620 i

160 639 162 641 ¹
298 648 451 698 ἤρχετο
484 646 636 698 μόροιο
668 649 807 699 κᾶρυξ.
1497 647 1546 688 2i

180 724 332 779 Neque
372 736 473 766 vero
514 724 655 766 acrius
695 725 932 766 intuentem
971 724 1117 780 fugiet,
1160 724 1315 779 quibus
1357 723 1485 766 rebus
1524 723 1743 779 Euripidis

179 793 286 834 ratio
327 797 574 847 anapaestos
598 805 712 834 cum
737 792 906 834 iambis
932 792 1230 847 'componendi
1271 791 1443 835 differat
1481 806 1506 834 a
1545 792 1742 834 Pindaro.

180 860 232 901 In
264 861 325 903 eis
356 861 470 902 enim
499 860 649 902 formis
687 860 1136 915 anapaesto-iambicis,
1179 873 1284 915 quas
1314 859 1526 902 Pindarus
1558 860 1742 915 praebet,

181 929 255 970 aut
286 928 489 970 diaeresis
518 929 632 970 inter
661 929 977 984 anapaesticum
1014 931 1196 971 metrum
1229 932 1271 971 et
1301 928 1529 970 iambicum
1562 927 1744 970 admissa

181 998 250 1038 est·
275 997 389 1051 (105,
413 997 450 1037 2.
468 997 522 1051 4),
554 998 629 1038 aut
658 1010 756 1038 cum
787 998 921 1039 metro
946 997 1129 1038 iambico
1155 997 1344 1038 membra
1368 1009 1477 1051 quae
1504 1000 1745 1051 sequuntur

181 1066 224 1106 et
247 1077 293 1106 re
319 1065 496 1106 metrica
517 1066 570 1124 et¹
583 1076 711 1106 sensu
734 1065 942 1106 artissime
964 1065 1194 1106 cohaerent
1213 1065 1328 1118 (105,
1351 1056 1537 1118 5.-10‘7a,
1560 1065 1598 1105 4.
1618 1065 1743 1125 140²,

180 1133 264 1187 40),
304 1133 365 1174 ita
394 1134 444 1173 ut
473 1133 642 1175 dimetri
681 1133 1099 1187 anapaesto-iambici
1137 1134 1384 1187 compositio
1415 1134 1492 1174 vix
1523 1133 1742 1174 sentiatur.

110 1234 113 1236 ,
179 1200 406 1256 Euripides
446 1204 586 1243 autem
627 1213 768 1255 neque
807 1202 853 1242 in
882 1201 1020 1243 forma
1059 1201 1487 1256 anapaesto-iambica
1527 1201 1742 1243 diaeresin

179 1282 383 1323 umquam
409 1269 589 1323 admisit,
621 1271 663 1311 et
692 1269 882 1311 membra
906 1282 1015 1323 quae
1037 1269 1367 1311 circumstabant
1390 1283 1416 1310 a
1440 1268 1617 1310 dimetro
1643 1281 1742 1310 ana-

178 1336 526 1391 paesto-iambico
552 1340 669 1378 tanta
693 1336 913 1390 diligentia
937 1336 1124 1390 seclusit,
1155 1340 1204 1377 ut
1233 1349 1384 1378 novam
1415 1337 1595 1378 formam
1621 1336 1743 1389 quasi

179 1404 399 1446 stichicam
431 1405 717 1446 constitueret.

321 1472 450 1514 Hunc
481 1486 603 1514 usum
646 1473 921 1514 dimetrorum
960 1472 1483 1527 anapaesto-iambicorum
1515 1472 1743 1513 stichicum

178 1539 406 1595 Euripides
438 1554 523 1582 non
556 1540 705 1583 eodem
735 1544 925 1595 tempore
949 1540 1144 1595 instituit,
1176 1554 1271 1595 quo,
1303 1540 1477 1582 Pindari
1498 1541 1743 1595 exemplum

177 1620 373 1661 sequens,
404 1609 567 1649 iambos
599 1622 696 1650 cum
727 1609 965 1662 anapaestis
997 1610 1249 1650 connectere
1281 1609 1430 1662 coepit.
1464 1608 1600 1658 Quam
1628 1621 1740 1649 com-

176 1676 428 1730 positionem
461 1677 605 1717 notavi
635 1677 718 1717 iam
749 1676 916 1718 Heracl.
940 1677 1195 1718 781—783:

460 1753 674 1803 ἀνεμόεντι
705 1751 744 1793 δ’
766 1751 832 1794 ἐπ’
854 1751 971 1807 ὄχθῳ
1507 1752 1596 1810 21Η

461 1820 729 1871 ὀλολύγματα
759 1821 1002 1873 παννυχίοις
1031 1821 1118 1862 ὑπὸ
1150 1834 1254 1872 παρ·
1511 1821 1536 1861 2
1553 1834 1607 1861 an

461 1888 598 1930 θένων
630 1888 732 1940 ἰαχεῖ
761 1890 912 1930 ποδῶν
944 1887 1172 1940 κρότοισιν.
1506 1888 1585 1936 i÷
1605 1888 1738 1943 ityph.

175 1964 271 2007 Hoc
300 1965 392 2007 loco
419 1965 637 2020 complura
661 1966 795 2007 metra
814 1964 998 2006 iambica
1024 1978 1121 2006 cum
1143 1965 1381 2019 anapaestis
1407 1978 1604 2007 connexa
1628 1969 1738 2019 sunt,

165 2034 224 2074 ut
240 2031 366 2087 -apud
386 2032 619 2075 Pindarum
638 2033 738 2088 fgm.
763 2033 859 2087 105,
885 2033 999 2074 4-5
1027 2034 1070 2075 et
1087 2033 1188 2088 fgm.
1211 2033 1293 2075 107
1304 2040 1338 2087 ⁸¹,
1360 2035 1399 2087 4,
1430 2046 1572 2087 neque
1592 2047 1740 2076 mono-

175 2104 309 2161 meter
339 2102 632 2161 anapaesticus
659 2101 815 2166 iambis
840 2101 1063 2155 antecedit,
1095 2101 1168 2142 sed
1196 2101 1383 2143 dimeter.
1425 2101 1588 2143 Eodem
1613 2101 1737 2143 modo

175 2180 243 2210 res
274 2181 320 2212 se
350 2169 479 2212 habet
508 2169 641 2212 Andr.
664 2169 920 2212 860—865:

342 2246 427 2287 860
458 2247 484 2297 ἢ
515 2247 651 2288 δούλα
682 2246 844 2297 δούλας
874 2246 1325 2296 γόνασι·προσπέσω;
1507 2247 1532 2287 2
1551 2246 1716 2288 dochm.

459 2314 647 2366 Φθιάδος
679 2314 724 2356 ἐκ
752 2316 832 2366 γᾶς
1506 2328 1560 2356 an

459 2382 745 2434 κυανόπτερος
776 2381 893 2434 ὄρνις
925 2381 998 2423 εἴθ’
1020 2381 1117 2436 εἴην,
1505 2383 1530 2424 2
1549 2396 1603 2424 an

423 2479 426 2482 »
458 2451 483 2500 ἢ
514 2453 698 2492 πευκᾶεν
1504 2463 1558 2491 an

459 2517 640 2572 σκάφος,
673 2518 700 2559 ἃ
730 2519 799 2559 διὰ
830 2518 1015 2569 Κυανέας
1046 2517 1253 2570 ἐπέρασεν
1285 2518 1411 2568 ἀκτὰς
1503 2519 1528 2558 2
1547 2531 1601 2559 an
1622 2519 1698 2566 ÷i

341 2585 438 2627 865·
456 2585 741 2637 πρωτόπλοος
772 2586 915 2628 πλάτα.
1507 2586 1673 2628 dochm.

174 2671 268 2723 Qua
298 2672 344 2713 in
375 2670 590 2726 tragoedia
624 2671 810 2727 primum
847 2671 1017 2714 dimetri
1047 2673 1304 2727 anapaestici
1335 2672 1578 2728 exemplum
1608 2672 1734 2715 Euri-

171 2739 346 2795 pideum
377 2752 507 2795 supra
530 2740 772 2797 notavimus
796 2742 849 2795 (v.
873 2741 957 2783 296
981 2761 1026 2775 --
1050 2741 1147 2796 304,
1178 2754 1270 2796 pag.
1295 2742 1376 2796 17).
1422 2741 1578 2784 Primis
1602 2742 1735 2796 igitur

171 2809 433 2864 temporibus
463 2808 646 2850 iambica
676 2810 811 2851 metra
841 2822 939 2852 cum
971 2808 1163 2852 dimetris
1194 2810 1472 2865 anapaesticis
1503 2809 1732 2864 Euripides

134 2878 138 2881 ’
172 2875 406 2931 copulabat.
451 2877 552 2933 Hie.
576 2889 680 2919 usus
719 2878 896 2934 tertium
936 2878 1124 2920 occurrit
1159 2878 1287 2935 Herc.
1311 2878 1614 2931 1016-1020,
1657 2878 1732 2920 ubi

170 2956 326 2998 purum
357 2947 543 2987 metrum
569 2932 801 2987 iambicum
832 2945 1027 3000 sequitur
1056 2945 1285 2988 dimetrum
1315 2945 1650 3001 anapaesticum:
