2041 3293
1880 42 1883 55 f
1911 25 2041 76 ‘affin-*12

1943 86 1956 96 ,⁷
1995 80 2041 99 {5⁸51

916 164 1263 214 -16-v,

266 292 419 346 lyricis
450 291 545 334 aliis
576 293 723 334 metris
752 281 937 335 insertos
968 305 1074 346 esse,
1105 293 1182 346 qui
1205 295 1469 347 paroemiaco
1495 306 1582 335 non
1609 293 1838 336 conclude-

269 359 436 405 bantur.
484 359 529 403 Si
559 360 853 416 paroemiacus
893 359 1049 416 aderat,
1089 373 1177 403 non
1208 360 1400 405 clausula
1430 366 1529 417 erat,
1569 360 1657 416 sed,
1678 363 1737 404 *ut
1766 362 1839 404 alii

269 441 423 471 versus
463 428 690 484 populares
729 429 776 470 in
810 429 984 472 ‘cantica
1015 429 1196 483 recepti,
1236 430 1426 483 qualibet
1463 431 1697 473 sententiae
1736 429 1838 473 sede

267 496 499 539 ferebatur.

413 565 506 608 Iam
538 569 803 608 transeamus
835 565 890 608 ad
921 565 1151 608 dimetrum
1175 567 1515 622 anapaesticum,
1537 580 1662 622 quem
1687 566 1837 608 formis
1892 616 1897 620 N
1923 551 1925 553 ¹

271 634 427 676 ionicis
449 634 711 688 permixtum
732 634 1048 688 verborumque
1068 633 1159 675 fine
1179 633 1222 688 (i.
1240 645 1276 675 e.
1293 635 1425 690 τελείᾳ
1449 637 1570 690 λέξει)
1593 649 1616 678 a
1637 634 1839 677 membris

272 713 383 756 quae
399 701 910 763 circumstantseclusum
925 701 1182 755 invenimus,
1203 713 1415 755 nusquam
1432 702 1545 758 apud
1563 701 1838 757 Aeschylum,
1882 714 1885 717 ·

271 782 446 824 perraro
478 769 592 824 apud
624 769 889 824 Sophoclem,
920 782 1047 824 saepe
1078 768 1192 824 apud
1216 768 1477 824 Euripidem.
1518 770 1603 814 Hic
1633 782 1784 813 versus
1815 783 1841 812 a

271 838 373 880 noto
404 837 476 880 illo
502 839 829 893 anapaestorum
856 851 939 880 usu
965 850 1015 880 eo
1042 837 1198 891 differt,
1232 836 1347 891 quod
1369 837 1582 881 diaeresin
1605 840 1717 882 inter
1740 838 1842 881 bina

272 907 408 948 metra-
439 906 606 948 omittit.
657 906 815 948 Tamen
847 906 1075 948 dimetrum
1107 906 1422 960 anapaesticum
1452 907 1568 949 idem
1594 907 1708 962 quod
1734 906 1841 949 duos

272 977 561 1017 monometros
582 973 769 1017 valuisse
790 975 890 1017 inde
911 975 1096 1030 apparet,
1118 974 1234 1028 quod
1254 974 1425 1034 saepius
1447 975 1625 1018 dimetro
1647 976 1842 1031 strophae

273 1042 535 1098 respondent
576 1044 620 1084 in
667 1043 930 1097 antistropha
970 1042 1054 1084 duo
1099 1041 1361 1095 monometri.
1410 1034 1480 1084 'Ita
1518 1056 1587 1086 res
1627 1056 1673 1086 se
1716 1043 1843 1086 habet

275 1111 401 1166 Soph.
425 1110 527 1154 Oed.
549 1112 785 1154 466-472
809 1132 854 1146 =
877 1111 1126 1165 476—482,
1167 1111 1241 1165 qui
1273 1112 1339 1153 est
1378 1111 1485 1153 alter
1521 1112 1643 1154 locus
1684 1124 1842 1166 eorum,

277 1179 434 1234 quibus
475 1180 546 1222 hic
576 1184 700 1235 poeta
740 1179 943 1222 dimetros
983 1179 1277 1234 anapaesticos
1317 1178 1532 1231 adhibuit3
1574 1180 1721 1222 eodem
1754 1180 1842 1223 sola

276 1252 639 1290 monometrorum
672 1248 866 1302 exempla
897 1247 1134 1303 Sophoclea
1164 1249 1355 1290 exstant:
1685 1285 1687 1288 .
1845 1235 1858 1277 l

397 1316 655 1358 466—472:
1217 1316 1476 1357 476-482:

395 1384 487 1436 ὥρα
519 1397 585 1426 νιν
617 1384 836 1426 ἀελλάδων
1217 1386 1345 1437 φοιτᾷ
1375 1384 1456 1435 γὰρ
1488 1384 1557 1425 ὑπ’
1684 1403 1794 1458 glyc·

1276 1450 1425 1502 ἀγρίαν
1612 1460 1653 1489 ef.
1671 1461 1783 1489 annot.
1796 1459 1843 1493 19)

395 1520 543 1561 ἵππων
577 1520 905 1571 σθεναρώτερον
1186 1546 1191 1550 -
1217 1517 1325 1562 ὕλαν
1345 1518 1426 1560 ἀνά
1441 1517 1477 1560 τ’
1492 1518 1625 1569 ἄντρα
1644 1519 1709 1561 καὶ
1733 1519 1843 1575 glyc.

397 1575 514 1643 φυγᾷ
544 1588 660 1631 πόδα
689 1589 856 1639 νωμᾶν·
1216 1587 1373 1639 πέτρας
1405 1587 1648 1641 ἰσόταυρος,
1729 1589 1826 1630 reiz.

397 1656 582 1708 ἔνοπλος
611 1658 692 1708 γὰρ
725 1657 791 1699 ἐπ’
814 1657 946 1698 αὐτὸν
1217 1655 1367 1706 μέλεος
1400 1655 1532 1709 μελὲῳ
1564 1656 1664 1697 ποδὶ

455 1724 746 1777 ἐπενθρώσκει
1169 1758 1179 1767 .
1276 1723 1485 1776 χηρεύων,
1726 1724 1751 1764 2
1763 1737 1816 1765 an

274 1792 363 1832 470
395 1791 495 1842 πυρὶ
526 1792 592 1833 καὶ
615 1794 844 1843 στεροπαῑς
867 1792 890 1833 ὁ
914 1792 1023 1842 Διὸς
1097 1790 1184 1831 480
1215 1790 1266 1831 τὰ
1298 1790 1555 1841 μεσόμφαλα
1587 1791 1668 1841 γᾶς

456 1859 639 1911 γενέτας,
1275 1857 1588 1909 ἀπονοσφίζων
1725 1859 1750 1898 2
1762 1871 1816 1899 an

396 1927 527 1968 δειναὶ
559 1925 597 1967 δ’
620 1925 686 1977 ἅμ’
713 1928 885 1969 ἕπονται
1218 1928 1405 1978 μαντεῑατ
1437 1926 1488 1968 τὰ
1521 1925 1624 1968 δ’ἀεὶ
1729 1927 1826 1967 reiz.

397 1997 524 2045 κῆρες
557 1994 873 2046 ἀναπλάκητοι»
1216 1997 1352 2037 ζῶντα
1383 1995 1666 2044 περιποτᾶται.
1730 1994 1783 2034 2i

419 2070 617 2121 Alterum
648 2070 803 2125 locum,
843 2084 928 2125 quo
961 2070 1190 2113 dimetrum
1222 2069 1392 2112 admisit
1423 2058 1663 2125 Sophocles,
1696 2070 1839 2112 inveni

206 2204 207 2207 Ἰ
274 2140 422 2182 Trach.
446 2140 678 2181 953—961
713 2143 779 2193 (=
804 2141 1075 2193 962—970):

563 2207 638 2249 εἴθ’
660 2207 910 2258 ἀνεμόεσσά
938 2222 998 2259 τις
1730 2204 1839 2259 glyc.

563 2275 714 2325 γένοιτ’
737 2274 926 2327 ἔπουρος
958 2275 1148 2326 ἑστιῶτις
1180 2274 1299 2328 αὔρα,
1731 2273 1811 2328 3iH

451 2344 536 2385 955
568 2344 657 2395 ἥτις
690 2342 730 2394 μ’
752 2344 1005 2386 ἀποικίσειεν
1036 2343 1082 2385 ἐκ
1112 2342 1270 2396 τόπων,
1304 2341 1423 2392 ὅπως
1727 2340 1777 2381 3i

561 2412 639 2453 τὸν
671 2412 782 2453 Δῖον
815 2409 992 2462 ἄλκιμον
1023 2410 1158 2459 γόνον
1540 2418 1545 2431 ¹
1728 2408 1776 2448 21

562 2480 616 2529 μή
649 2478 860 2530 ταρβαλέα
892 2478 1054 2529 θάνοιμι
1727 2475 1776 2515 21

563 2549 728 2597 μοῦνον
761 2545 971 2589 εἰσιδοῦσ’
994 2545 1135 2597 ἄφαρ·
1672 2538 1675 2541 ’
1724 2543 1826 2599 2iSA

562 2613 650 2656 ἐπεὶ
681 2615 728 2656 ἐν
761 2614 1126 2666 δυσαπαλλάκτως
1158 2613 1330 2665 ὀδύναις
1725 2611 1818 2653 2an

452 2683 537 2724 960
570 2685 725 2734 χωρεῖν
761 2682 845 2732 πρὸ
880 2682 1027 2732 δόμων
1063 2683 1262 2731 λέγουσιν
1294 2680 1484 2724 ἄσπετόν
1517 2695 1554 2723 τι
1631 2699 1766 2754 enopl

658 2753 808 2801 θαῦμα.
1573 2756 1627 2790 (cf.
1646 2757 1757 2787 annot.
1777 2757 1823 2794 ιι)

419 2818 557 2860 Multa
583 2818 779 2873 exempla
798 2817 1027 2872 Euripides
1048 2817 1254 2873 praebet,
1267 2830 1449 2872 quorum
1472 2817 1519 2858 in
1541 2815 1839 2871 vetustissimo,

274 2890 325 2929 ut
345 2887 390 2928 in
412 2887 579 2928 cantico
600 2885 673 2928 illo
696 2885 925 2940 Oedipodis
947 2885 1184 2941 Sophoclei,
1209 2886 1329 2928 alteri
1351 2885 1529 2927 dimetro
1551 2884 1838 2938 antistrophae

274 2956 329 3008 (v.
352 2954 455 3007 306)
485 2952 745 3009 respondent
776 2952 860 2996 duo
892 2953 1147 2996 monometri
1177 2966 1215 2994 v.
1239 2953 1347 2995 298:
