<?xml version="1.0" encoding="UTF-8"?>
<!DOCTYPE html PUBLIC "-//W3C//DTD XHTML 1.0 Transitional//EN"
    "http://www.w3.org/TR/xhtml1/DTD/xhtml1-transitional.dtd">
<html xmlns="http://www.w3.org/1999/xhtml" xml:lang="en" lang="en">
 <head>
  <title>
</title>
<meta http-equiv="Content-Type" content="text/html;charset=utf-8" />
  <meta name='ocr-system' content='tesseract 3.04.00' />
  <meta name='ocr-capabilities' content='ocr_page ocr_carea ocr_par ocr_line ocrx_word'/>
</head>
<body>
  <div class='ocr_page' id='page_1' title='image "4737822_0083.png"; bbox 0 0 2041 3293; ppageno 0'>
   <div class='ocr_carea' id='block_1_1' title="bbox 0 0 152 130">
    <p class='ocr_par' dir='ltr' id='par_1_1' title="bbox 0 0 152 130">
     <span class='ocr_line' id='line_1_1' title="bbox 0 0 152 130; baseline 0 3163"><span class='ocrx_word' id='word_1_1' title='bbox 0 0 152 130; x_wconf 95' lang='lat' dir='ltr'><strong> </strong></span> 
     </span>
    </p>
   </div>
   <div class='ocr_carea' id='block_1_2' title="bbox 4 164 62 184">
    <p class='ocr_par' dir='ltr' id='par_1_2' title="bbox 4 164 62 184">
     <span class='ocr_line' id='line_1_2' title="bbox 4 164 62 184; baseline -0.052 -13"><span class='ocrx_word' id='word_1_2' title='bbox 4 164 29 184; x_wconf 46' lang='lat'><strong>(1,</strong></span> <span class='ocrx_word' id='word_1_3' title='bbox 31 165 62 178; x_wconf 46' lang='grc'><strong>....</strong></span> 
     </span>
    </p>
   </div>
   <div class='ocr_carea' id='block_1_3' title="bbox 348 271 1788 353">
    <p class='ocr_par' dir='ltr' id='par_1_3' title="bbox 348 271 1788 353">
     <span class='ocr_line' id='line_1_3' title="bbox 348 271 1788 353; baseline 0 -13"><span class='ocrx_word' id='word_1_4' title='bbox 348 271 448 348; x_wconf 41' lang='grc' dir='ltr'><strong>μΗ10</strong></span> <span class='ocrx_word' id='word_1_5' title='bbox 477 297 735 353; x_wconf 85' lang='lat' dir='ltr'><strong>paroemiaci</strong></span> <span class='ocrx_word' id='word_1_6' title='bbox 762 309 870 340; x_wconf 82' lang='lat' dir='ltr'><strong>usus</strong></span> <span class='ocrx_word' id='word_1_7' title='bbox 905 283 1109 340; x_wconf 84' lang='lat' dir='ltr'><strong>sticbicus</strong></span> <span class='ocrx_word' id='word_1_8' title='bbox 1148 288 1255 340; x_wconf 86' lang='lat' dir='ltr'><strong>mihi</strong></span> <span class='ocrx_word' id='word_1_9' title='bbox 1290 296 1462 340; x_wconf 84' lang='lat' dir='ltr'><strong>initium</strong></span> <span class='ocrx_word' id='word_1_10' title='bbox 1491 297 1661 340; x_wconf 80' lang='lat' dir='ltr'><strong>videtur</strong></span> <span class='ocrx_word' id='word_1_11' title='bbox 1691 309 1788 340; x_wconf 89' lang='lat' dir='ltr'><strong>esse</strong></span> 
     </span>
    </p>
   </div>
   <div class='ocr_carea' id='block_1_4' title="bbox 150 354 1786 428">
    <p class='ocr_par' dir='ltr' id='par_1_4' title="bbox 150 354 1786 428">
     <span class='ocr_line' id='line_1_4' title="bbox 150 354 1786 428; baseline 0.001 -22"><span class='ocrx_word' id='word_1_12' title='bbox 150 354 165 362; x_wconf 66' lang='grc'><em>’</em></span> <span class='ocrx_word' id='word_1_13' title='bbox 221 355 354 407; x_wconf 80' lang='lat' dir='ltr'><strong>studii</strong></span> <span class='ocrx_word' id='word_1_14' title='bbox 391 365 521 407; x_wconf 86' lang='lat' dir='ltr'><strong>illius.</strong></span> <span class='ocrx_word' id='word_1_15' title='bbox 537 365 812 408; x_wconf 89' lang='lat' dir='ltr'><strong>stichicarum</strong></span> <span class='ocrx_word' id='word_1_16' title='bbox 849 365 1084 407; x_wconf 75' lang='lat' dir='ltr'><strong>formarum</strong></span> <span class='ocrx_word' id='word_1_17' title='bbox 1111 366 1488 420; x_wconf 84' lang='lat' dir='ltr'><strong>anapaesticarum‚</strong></span> <span class='ocrx_word' id='word_1_18' title='bbox 1525 379 1608 419; x_wconf 93' lang='grc'>(1110</span> <span class='ocrx_word' id='word_1_19' title='bbox 1639 369 1786 428; x_wconf 86' lang='lat' dir='ltr'><strong>poetas</strong></span> 
     </span>
    </p>
   </div>
   <div class='ocr_carea' id='block_1_5' title="bbox 217 432 1786 762">
    <p class='ocr_par' dir='ltr' id='par_1_5' title="bbox 217 432 1786 762">
     <span class='ocr_line' id='line_1_5' title="bbox 221 432 1786 495; baseline 0 -19"><span class='ocrx_word' id='word_1_20' title='bbox 221 432 406 495; x_wconf 74' lang='lat' dir='ltr'><strong>Graecos</strong></span> <span class='ocrx_word' id='word_1_21' title='bbox 435 433 538 477; x_wconf 89' lang='lat' dir='ltr'><strong>inde</strong></span> <span class='ocrx_word' id='word_1_22' title='bbox 569 446 594 476; x_wconf 87' lang='lat' dir='ltr'><strong>a</strong></span> <span class='ocrx_word' id='word_1_23' title='bbox 617 434 756 476; x_wconf 87' lang='lat' dir='ltr'><strong>medio</strong></span> <span class='ocrx_word' id='word_1_24' title='bbox 781 433 950 478; x_wconf 85' lang='lat' dir='ltr'><strong>saeculo</strong></span> <span class='ocrx_word' id='word_1_25' title='bbox 975 433 1108 476; x_wconf 89' lang='lat' dir='ltr'><strong>altero</strong></span> <span class='ocrx_word' id='word_1_26' title='bbox 1130 433 1362 476; x_wconf 83' lang='lat' dir='ltr'><strong>Christiani</strong></span> <span class='ocrx_word' id='word_1_27' title='bbox 1382 434 1478 476; x_wconf 88' lang='lat' dir='ltr'><strong>aevi</strong></span> <span class='ocrx_word' id='word_1_28' title='bbox 1502 433 1786 476; x_wconf 77' lang='lat' dir='ltr'><strong>inflammatos</strong></span> 
     </span>
     <span class='ocr_line' id='line_1_6' title="bbox 220 500 1785 557; baseline 0 -13"><span class='ocrx_word' id='word_1_29' title='bbox 220 501 315 544; x_wconf 79' lang='lat' dir='ltr'><strong>esse</strong></span> <span class='ocrx_word' id='word_1_30' title='bbox 345 514 434 557; x_wconf 87' lang='lat' dir='ltr'><strong>cap.</strong></span> <span class='ocrx_word' id='word_1_31' title='bbox 454 501 523 544; x_wconf 85' lang='grc' dir='ltr'><strong>ΠΙ</strong></span> <span class='ocrx_word' id='word_1_32' title='bbox 554 501 751 544; x_wconf 86' lang='lat' dir='ltr'><strong>vidimus.</strong></span> <span class='ocrx_word' id='word_1_33' title='bbox 796 500 1185 545; x_wconf 79' lang='lat' dir='ltr'><strong>Paroemiacornm&#39;</strong></span> <span class='ocrx_word' id='word_1_34' title='bbox 1211 514 1336 544; x_wconf 90' lang='lat' dir='ltr'><strong>usum</strong></span> <span class='ocrx_word' id='word_1_35' title='bbox 1373 505 1522 557; x_wconf 88' lang='lat' dir='ltr'><strong>poetae</strong></span> <span class='ocrx_word' id='word_1_36' title='bbox 1552 514 1576 555; x_wconf 84' lang='lat' dir='ltr'><strong>e</strong></span> <span class='ocrx_word' id='word_1_37' title='bbox 1606 501 1785 556; x_wconf 85' lang='lat' dir='ltr'><strong>Tyrtaeo</strong></span> 
     </span>
     <span class='ocr_line' id='line_1_7' title="bbox 219 569 1785 625; baseline 0 -14"><span class='ocrx_word' id='word_1_38' title='bbox 219 570 264 611; x_wconf 90' lang='lat' dir='ltr'><strong>et</strong></span> <span class='ocrx_word' id='word_1_39' title='bbox 286 569 456 612; x_wconf 76' lang='lat' dir='ltr'><strong>Cratino</strong></span> <span class='ocrx_word' id='word_1_40' title='bbox 482 571 697 625; x_wconf 84' lang='lat' dir='ltr'><strong>ceperunt,</strong></span> <span class='ocrx_word' id='word_1_41' title='bbox 728 582 909 624; x_wconf 90' lang='lat' dir='ltr'><strong>quorum</strong></span> <span class='ocrx_word' id='word_1_42' title='bbox 935 569 1124 612; x_wconf 88' lang='lat' dir='ltr'><strong>carmina</strong></span> <span class='ocrx_word' id='word_1_43' title='bbox 1147 573 1238 612; x_wconf 89' lang='lat' dir='ltr'><strong>tum</strong></span> <span class='ocrx_word' id='word_1_44' title='bbox 1264 574 1364 612; x_wconf 88' lang='lat' dir='ltr'><strong>nota</strong></span> <span class='ocrx_word' id='word_1_45' title='bbox 1386 570 1523 613; x_wconf 83' lang='lat' dir='ltr'><strong>fuisse</strong></span> <span class='ocrx_word' id='word_1_46' title='bbox 1544 569 1624 612; x_wconf 88' lang='lat' dir='ltr'><strong>Dio</strong></span> <span class='ocrx_word' id='word_1_47' title='bbox 1651 569 1785 624; x_wconf 85' lang='lat' dir='ltr'><strong>Chry-</strong></span> 
     </span>
     <span class='ocr_line' id='line_1_8' title="bbox 219 637 1786 698; baseline -0.001 -17"><span class='ocrx_word' id='word_1_48' title='bbox 219 638 437 698; x_wconf 76' lang='lat' dir='ltr'><strong>sostomus‘</strong></span> <span class='ocrx_word' id='word_1_49' title='bbox 459 638 650 693; x_wconf 84' lang='lat' dir='ltr'><strong>testatur,</strong></span> <span class='ocrx_word' id='word_1_50' title='bbox 667 638 760 693; x_wconf 52' lang='grc'>,(1111</span> <span class='ocrx_word' id='word_1_51' title='bbox 789 650 847 681; x_wconf 89' lang='lat' dir='ltr'><strong>or.</strong></span> <span class='ocrx_word' id='word_1_52' title='bbox 869 637 913 680; x_wconf 89' lang='lat' dir='ltr'>H</span> <span class='ocrx_word' id='word_1_53' title='bbox 942 650 1036 694; x_wconf 87' lang='lat' dir='ltr'><strong>pag.</strong></span> <span class='ocrx_word' id='word_1_54' title='bbox 1059 638 1115 680; x_wconf 86' lang='lat'><strong>92</strong></span> <span class='ocrx_word' id='word_1_55' title='bbox 1128 637 1168 681; x_wconf 89' lang='lat' dir='ltr'>R</span> <span class='ocrx_word' id='word_1_56' title='bbox 1196 637 1367 693; x_wconf 85' lang='lat' dir='ltr'><strong>Tyrtaei</strong></span> <span class='ocrx_word' id='word_1_57' title='bbox 1397 650 1549 681; x_wconf 87' lang='lat' dir='ltr'><strong>versus</strong></span> <span class='ocrx_word' id='word_1_58' title='bbox 1578 637 1718 692; x_wconf 79' lang='lat' dir='ltr'><strong>affert,</strong></span> <span class='ocrx_word' id='word_1_59' title='bbox 1743 642 1786 681; x_wconf 91' lang='lat' dir='ltr'><strong>et</strong></span> 
     </span>
     <span class='ocr_line' id='line_1_9' title="bbox 217 697 1785 762; baseline 0 -13"><span class='ocrx_word' id='word_1_60' title='bbox 217 697 502 762; x_wconf 68' lang='lat' dir='ltr'><strong>Hephaestio„</strong></span> <span class='ocrx_word' id='word_1_61' title='bbox 514 707 589 761; x_wconf 93' lang='lat' dir='ltr'><strong>qui</strong></span> <span class='ocrx_word' id='word_1_62' title='bbox 610 708 678 761; x_wconf 83' lang='lat'><strong>27,</strong></span> <span class='ocrx_word' id='word_1_63' title='bbox 701 708 726 749; x_wconf 89' lang='lat'><strong>3</strong></span> <span class='ocrx_word' id='word_1_64' title='bbox 742 707 774 749; x_wconf 93' lang='lat' dir='ltr'><strong>C</strong></span> <span class='ocrx_word' id='word_1_65' title='bbox 796 707 958 749; x_wconf 80' lang='lat' dir='ltr'><strong>Cratini</strong></span> <span class='ocrx_word' id='word_1_66' title='bbox 979 719 1108 750; x_wconf 87' lang='lat' dir='ltr'><strong>usum</strong></span> <span class='ocrx_word' id='word_1_67' title='bbox 1129 709 1438 749; x_wconf 88' lang='lat' dir='ltr'><strong>commemorat.</strong></span> <span class='ocrx_word' id='word_1_68' title='bbox 1472 707 1593 750; x_wconf 82' lang='lat' dir='ltr'><strong>Aliae</strong></span> <span class='ocrx_word' id='word_1_69' title='bbox 1614 720 1785 761; x_wconf 89' lang='lat' dir='ltr'><strong>quoque</strong></span> 
     </span>
    </p>
   </div>
   <div class='ocr_carea' id='block_1_6' title="bbox 142 772 1784 839">
    <p class='ocr_par' dir='ltr' id='par_1_6' title="bbox 142 772 1784 839">
     <span class='ocr_line' id='line_1_10' title="bbox 142 772 1784 839; baseline 0.002 -26"><span class='ocrx_word' id='word_1_70' title='bbox 142 810 154 819; x_wconf 57' lang='lat'><em>„</em></span> <span class='ocrx_word' id='word_1_71' title='bbox 216 773 379 818; x_wconf 78' lang='lat' dir='ltr'><strong>formae</strong></span> <span class='ocrx_word' id='word_1_72' title='bbox 408 774 643 829; x_wconf 82' lang='lat' dir='ltr'><strong>lyricorum</strong></span> <span class='ocrx_word' id='word_1_73' title='bbox 667 776 860 818; x_wconf 86' lang='lat' dir='ltr'><strong>veterum</strong></span> <span class='ocrx_word' id='word_1_74' title='bbox 890 774 964 817; x_wconf 85' lang='lat' dir='ltr'><strong>illa</strong></span> <span class='ocrx_word' id='word_1_75' title='bbox 992 772 1129 818; x_wconf 80' lang='lat' dir='ltr'><strong>aetate</strong></span> <span class='ocrx_word' id='word_1_76' title='bbox 1161 775 1302 818; x_wconf 88' lang='lat' dir='ltr'><strong>denuo</strong></span> <span class='ocrx_word' id='word_1_77' title='bbox 1332 775 1379 816; x_wconf 91' lang='lat' dir='ltr'><strong>in</strong></span> <span class='ocrx_word' id='word_1_78' title='bbox 1410 787 1536 818; x_wconf 89' lang='lat' dir='ltr'><strong>usum</strong></span> <span class='ocrx_word' id='word_1_79' title='bbox 1562 776 1784 839; x_wconf 85' lang='lat' dir='ltr'><strong>venerunt,</strong></span> 
     </span>
    </p>
   </div>
   <div class='ocr_carea' id='block_1_7' title="bbox 214 842 1784 1444">
    <p class='ocr_par' dir='ltr' id='par_1_7' title="bbox 214 842 1784 1444">
     <span class='ocr_line' id='line_1_11' title="bbox 217 842 1784 898; baseline -0.001 -12"><span class='ocrx_word' id='word_1_80' title='bbox 217 846 268 886; x_wconf 88' lang='lat' dir='ltr'><strong>ut</strong></span> <span class='ocrx_word' id='word_1_81' title='bbox 281 845 626 894; x_wconf 72' lang='lat' dir='ltr'><strong>Anacreonteum</strong></span> <span class='ocrx_word' id='word_1_82' title='bbox 647 845 690 886; x_wconf 90' lang='lat' dir='ltr'><strong>et</strong></span> <span class='ocrx_word' id='word_1_83' title='bbox 702 843 1047 898; x_wconf 84' lang='lat' dir='ltr'><strong>Hipponacteum</strong></span> <span class='ocrx_word' id='word_1_84' title='bbox 1062 844 1132 897; x_wconf 79' lang='lat' dir='ltr'><strong>(cf.</strong></span> <span class='ocrx_word' id='word_1_85' title='bbox 1149 857 1243 898; x_wconf 86' lang='lat' dir='ltr'><strong>pag.</strong></span> <span class='ocrx_word' id='word_1_86' title='bbox 1266 845 1321 885; x_wconf 89' lang='lat'><strong>53</strong></span> <span class='ocrx_word' id='word_1_87' title='bbox 1336 845 1423 897; x_wconf 87' lang='lat' dir='ltr'><strong>sq.).</strong></span> <span class='ocrx_word' id='word_1_88' title='bbox 1455 843 1540 886; x_wconf 85' lang='lat' dir='ltr'><strong>Sed</strong></span> <span class='ocrx_word' id='word_1_89' title='bbox 1556 857 1641 885; x_wconf 92' lang='lat' dir='ltr'><strong>non</strong></span> <span class='ocrx_word' id='word_1_90' title='bbox 1657 842 1784 885; x_wconf 93' lang='lat' dir='ltr'><strong>modo</strong></span> 
     </span>
     <span class='ocr_line' id='line_1_12' title="bbox 218 910 1783 967; baseline 0 -14"><span class='ocrx_word' id='word_1_91' title='bbox 218 922 243 967; x_wconf 84' lang='lat' dir='ltr'><strong>e</strong></span> <span class='ocrx_word' id='word_1_92' title='bbox 281 910 417 966; x_wconf 87' lang='lat' dir='ltr'><strong>poetis</strong></span> <span class='ocrx_word' id='word_1_93' title='bbox 456 910 616 966; x_wconf 83' lang='lat' dir='ltr'><strong>lyricis,</strong></span> <span class='ocrx_word' id='word_1_94' title='bbox 658 910 734 954; x_wconf 86' lang='lat' dir='ltr'><strong>sed</strong></span> <span class='ocrx_word' id='word_1_95' title='bbox 776 911 904 954; x_wconf 91' lang='lat' dir='ltr'><strong>etiam</strong></span> <span class='ocrx_word' id='word_1_96' title='bbox 944 923 968 954; x_wconf 90' lang='lat' dir='ltr'><strong>e</strong></span> <span class='ocrx_word' id='word_1_97' title='bbox 1010 910 1326 966; x_wconf 84' lang='lat' dir='ltr'><strong>tragoediarum</strong></span> <span class='ocrx_word' id='word_1_98' title='bbox 1368 910 1591 954; x_wconf 86' lang='lat' dir='ltr'><strong>cantilenis</strong></span> <span class='ocrx_word' id='word_1_99' title='bbox 1632 912 1783 966; x_wconf 85' lang='lat' dir='ltr'><strong>poetae</strong></span> 
     </span>
     <span class='ocr_line' id='line_1_13' title="bbox 215 967 1783 1033; baseline 0.001 -13"><span class='ocrx_word' id='word_1_100' title='bbox 215 978 376 1021; x_wconf 82' lang='lat' dir='ltr'><strong>formas</strong></span> <span class='ocrx_word' id='word_1_101' title='bbox 414 979 650 1033; x_wconf 82' lang='lat' dir='ltr'><strong>singulares</strong></span> <span class='ocrx_word' id='word_1_102' title='bbox 691 979 916 1022; x_wconf 87' lang='lat' dir='ltr'><strong>sumebant</strong></span> <span class='ocrx_word' id='word_1_103' title='bbox 955 979 1220 1033; x_wconf 88' lang='lat' dir='ltr'><strong>stichiceque</strong></span> <span class='ocrx_word' id='word_1_104' title='bbox 1259 967 1533 1033; x_wconf 70' lang='lat' dir='ltr'><strong>adhibebant,</strong></span> <span class='ocrx_word' id='word_1_105' title='bbox 1573 979 1688 1033; x_wconf 89' lang='lat' dir='ltr'><strong>quod</strong></span> <span class='ocrx_word' id='word_1_106' title='bbox 1729 979 1783 1021; x_wconf 89' lang='lat' dir='ltr'><strong>de</strong></span> 
     </span>
     <span class='ocr_line' id='line_1_14' title="bbox 214 1045 1782 1103; baseline 0.001 -15"><span class='ocrx_word' id='word_1_107' title='bbox 214 1045 354 1089; x_wconf 78' lang='lat' dir='ltr'><strong>forma</strong></span> <span class='ocrx_word' id='word_1_108' title='bbox 374 1045 449 1089; x_wconf 86' lang='lat' dir='ltr'><strong>illa</strong></span> <span class='ocrx_word' id='word_1_109' title='bbox 473 1045 868 1103; x_wconf 85' lang='lat' dir='ltr'><strong>dactylo-paeonica</strong></span> <span class='ocrx_word' id='word_1_110' title='bbox 887 1046 972 1089; x_wconf 90' lang='lat' dir='ltr'><strong>iam</strong></span> <span class='ocrx_word' id='word_1_111' title='bbox 995 1045 1349 1090; x_wconf 80' lang='lat' dir='ltr'><strong>Wilamowitzius</strong></span> <span class='ocrx_word' id='word_1_112' title='bbox 1374 1045 1617 1090; x_wconf 84' lang='lat' dir='ltr'><strong>observavit</strong></span> <span class='ocrx_word' id='word_1_113' title='bbox 1634 1045 1782 1090; x_wconf 86' lang='lat' dir='ltr'><strong>Herm.</strong></span> 
     </span>
     <span class='ocr_line' id='line_1_15' title="bbox 216 1115 1781 1171; baseline 0 -14"><span class='ocrx_word' id='word_1_114' title='bbox 216 1115 416 1157; x_wconf 89' lang='lat' dir='ltr'>XXXIV</span> <span class='ocrx_word' id='word_1_115' title='bbox 430 1117 590 1171; x_wconf 80' lang='lat'>(1899),</span> <span class='ocrx_word' id='word_1_116' title='bbox 605 1130 698 1171; x_wconf 87' lang='lat' dir='ltr'><strong>pag.</strong></span> <span class='ocrx_word' id='word_1_117' title='bbox 715 1117 802 1158; x_wconf 84' lang='lat'><strong>218</strong></span> <span class='ocrx_word' id='word_1_118' title='bbox 818 1129 900 1170; x_wconf 74' lang='lat' dir='ltr'><strong>sq.;</strong></span> <span class='ocrx_word' id='word_1_119' title='bbox 922 1116 1153 1171; x_wconf 86' lang='lat' dir='ltr'><strong>Sophocles</strong></span> <span class='ocrx_word' id='word_1_120' title='bbox 1175 1116 1291 1158; x_wconf 90' lang='grc'>0111111</span> <span class='ocrx_word' id='word_1_121' title='bbox 1306 1129 1357 1158; x_wconf 91' lang='lat' dir='ltr'><strong>ea</strong></span> <span class='ocrx_word' id='word_1_122' title='bbox 1372 1126 1476 1157; x_wconf 87' lang='lat' dir='ltr'><strong>usus</strong></span> <span class='ocrx_word' id='word_1_123' title='bbox 1493 1117 1558 1158; x_wconf 85' lang='lat' dir='ltr'><strong>est</strong></span> <span class='ocrx_word' id='word_1_124' title='bbox 1577 1115 1680 1157; x_wconf 91' lang='lat' dir='ltr'><strong>Oed.</strong></span> <span class='ocrx_word' id='word_1_125' title='bbox 1695 1115 1781 1157; x_wconf 82' lang='lat' dir='ltr'><strong>Col.</strong></span> 
     </span>
     <span class='ocr_line' id='line_1_16' title="bbox 217 1175 1782 1240; baseline 0 -14"><span class='ocrx_word' id='word_1_126' title='bbox 217 1184 464 1239; x_wconf 83' lang='lat'><strong>216—223,</strong></span> <span class='ocrx_word' id='word_1_127' title='bbox 500 1196 578 1240; x_wconf 84' lang='lat' dir='ltr'><strong>ego</strong></span> <span class='ocrx_word' id='word_1_128' title='bbox 610 1197 703 1227; x_wconf 91' lang='lat' dir='ltr'><strong>eam</strong></span> <span class='ocrx_word' id='word_1_129' title='bbox 738 1184 910 1240; x_wconf 89' lang='lat' dir='ltr'><strong>repperi</strong></span> <span class='ocrx_word' id='word_1_130' title='bbox 939 1184 1041 1227; x_wconf 84' lang='lat' dir='ltr'><strong>Eur.</strong></span> <span class='ocrx_word' id='word_1_131' title='bbox 1066 1183 1201 1227; x_wconf 87' lang='lat' dir='ltr'><strong>Andr.</strong></span> <span class='ocrx_word' id='word_1_132' title='bbox 1225 1185 1322 1227; x_wconf 85' lang='lat'><strong>137.</strong></span> <span class='ocrx_word' id='word_1_133' title='bbox 1368 1175 1606 1240; x_wconf 82' lang='lat' dir='ltr'><strong>Praecipue</strong></span> <span class='ocrx_word' id='word_1_134' title='bbox 1637 1185 1782 1227; x_wconf 89' lang='lat' dir='ltr'><strong>autem</strong></span> 
     </span>
     <span class='ocr_line' id='line_1_17' title="bbox 215 1253 1782 1308; baseline -0.001 -13"><span class='ocrx_word' id='word_1_135' title='bbox 215 1254 503 1308; x_wconf 82' lang='lat' dir='ltr'><strong>anapaesticas</strong></span> <span class='ocrx_word' id='word_1_136' title='bbox 527 1254 685 1296; x_wconf 84' lang='lat' dir='ltr'><strong>formas</strong></span> <span class='ocrx_word' id='word_1_137' title='bbox 708 1257 858 1308; x_wconf 85' lang='lat' dir='ltr'><strong>poetae</strong></span> <span class='ocrx_word' id='word_1_138' title='bbox 881 1266 911 1296; x_wconf 82' lang='lat' dir='ltr'><strong>e</strong></span> <span class='ocrx_word' id='word_1_139' title='bbox 931 1254 1246 1307; x_wconf 86' lang='lat' dir='ltr'><strong>tragoediarum</strong></span> <span class='ocrx_word' id='word_1_140' title='bbox 1269 1253 1462 1308; x_wconf 88' lang='lat' dir='ltr'><strong>partibus</strong></span> <span class='ocrx_word' id='word_1_141' title='bbox 1486 1253 1635 1306; x_wconf 86' lang='lat' dir='ltr'><strong>lyricis</strong></span> <span class='ocrx_word' id='word_1_142' title='bbox 1660 1265 1782 1308; x_wconf 88' lang='lat' dir='ltr'><strong>cepe-</strong></span> 
     </span>
     <span class='ocr_line' id='line_1_18' title="bbox 214 1312 1782 1379; baseline 0.001 -16"><span class='ocrx_word' id='word_1_143' title='bbox 214 1322 327 1376; x_wconf 87' lang='lat' dir='ltr'><strong>runt,</strong></span> <span class='ocrx_word' id='word_1_144' title='bbox 359 1320 414 1364; x_wconf 86' lang='lat' dir='ltr'><strong>ad</strong></span> <span class='ocrx_word' id='word_1_145' title='bbox 444 1334 550 1376; x_wconf 90' lang='lat' dir='ltr'><strong>quas</strong></span> <span class='ocrx_word' id='word_1_146' title='bbox 578 1322 835 1379; x_wconf 82' lang='lat' dir='ltr'><strong>paroemiaci</strong></span> <span class='ocrx_word' id='word_1_147' title='bbox 866 1321 1104 1364; x_wconf 85' lang='lat' dir='ltr'><strong>observatio</strong></span> <span class='ocrx_word' id='word_1_148' title='bbox 1125 1320 1349 1377; x_wconf 84' lang='lat' dir='ltr'><strong>Euripidei</strong></span> <span class='ocrx_word' id='word_1_149' title='bbox 1373 1312 1456 1364; x_wconf 56' lang='lat' dir='ltr'><strong>eos&#39;</strong></span> <span class='ocrx_word' id='word_1_150' title='bbox 1471 1320 1606 1364; x_wconf 86' lang='lat' dir='ltr'><strong>duxit.</strong></span> <span class='ocrx_word' id='word_1_151' title='bbox 1644 1320 1782 1372; x_wconf 86' lang='lat' dir='ltr'><strong>Quem</strong></span> 
     </span>
     <span class='ocr_line' id='line_1_19' title="bbox 216 1380 1781 1444; baseline -0.001 -13"><span class='ocrx_word' id='word_1_152' title='bbox 216 1402 314 1431; x_wconf 91' lang='lat' dir='ltr'><strong>cum</strong></span> <span class='ocrx_word' id='word_1_153' title='bbox 346 1389 399 1431; x_wconf 89' lang='lat' dir='ltr'><strong>ab</strong></span> <span class='ocrx_word' id='word_1_154' title='bbox 417 1380 637 1444; x_wconf 40' lang='lat' dir='ltr'><strong>&#39;Euripide</strong></span> <span class='ocrx_word' id='word_1_155' title='bbox 668 1389 861 1444; x_wconf 85' lang='lat' dir='ltr'><strong>populari</strong></span> <span class='ocrx_word' id='word_1_156' title='bbox 890 1389 1034 1443; x_wconf 62' lang='lat' dir='ltr'><strong>modo,</strong></span> <span class='ocrx_word' id='word_1_157' title='bbox 1065 1389 1110 1430; x_wconf 93' lang='lat' dir='ltr'><strong>id</strong></span> <span class='ocrx_word' id='word_1_158' title='bbox 1142 1393 1208 1431; x_wconf 89' lang='lat' dir='ltr'><strong>est</strong></span> <span class='ocrx_word' id='word_1_159' title='bbox 1236 1402 1323 1430; x_wconf 91' lang='lat' dir='ltr'><strong>non</strong></span> <span class='ocrx_word' id='word_1_160' title='bbox 1355 1389 1571 1430; x_wconf 79' lang='lat' dir='ltr'><strong>clausulae</strong></span> <span class='ocrx_word' id='word_1_161' title='bbox 1601 1401 1781 1431; x_wconf 89' lang='lat' dir='ltr'><strong>munere</strong></span> 
     </span>
    </p>
   </div>
   <div class='ocr_carea' id='block_1_8' title="bbox 187 1456 1781 1513">
    <p class='ocr_par' dir='ltr' id='par_1_8' title="bbox 187 1456 1781 1513">
     <span class='ocr_line' id='line_1_20' title="bbox 187 1456 1781 1513; baseline 0.001 -14"><span class='ocrx_word' id='word_1_162' title='bbox 187 1504 191 1510; x_wconf 58' lang='grc'><strong>,</strong></span> <span class='ocrx_word' id='word_1_163' title='bbox 213 1456 478 1512; x_wconf 79' lang='lat' dir='ltr'><strong>fungentem,</strong></span> <span class='ocrx_word' id='word_1_164' title='bbox 507 1458 554 1499; x_wconf 90' lang='lat' dir='ltr'><strong>in</strong></span> <span class='ocrx_word' id='word_1_165' title='bbox 579 1457 758 1500; x_wconf 90' lang='lat' dir='ltr'><strong>canticis</strong></span> <span class='ocrx_word' id='word_1_166' title='bbox 779 1456 1029 1512; x_wconf 86' lang='lat' dir='ltr'><strong>adhibitum,</strong></span> <span class='ocrx_word' id='word_1_167' title='bbox 1060 1457 1163 1512; x_wconf 90' lang='lat' dir='ltr'><strong>quin</strong></span> <span class='ocrx_word' id='word_1_168' title='bbox 1186 1457 1325 1512; x_wconf 87' lang='lat' dir='ltr'><strong>etiam,</strong></span> <span class='ocrx_word' id='word_1_169' title='bbox 1350 1458 1400 1499; x_wconf 86' lang='lat' dir='ltr'><strong>ut</strong></span> <span class='ocrx_word' id='word_1_170' title='bbox 1419 1457 1534 1513; x_wconf 90' lang='lat' dir='ltr'><strong>apud</strong></span> <span class='ocrx_word' id='word_1_171' title='bbox 1552 1456 1781 1512; x_wconf 83' lang='lat' dir='ltr'><strong>Tyrtaeum</strong></span> 
     </span>
    </p>
   </div>
   <div class='ocr_carea' id='block_1_9' title="bbox 207 1524 1780 2737">
    <p class='ocr_par' dir='ltr' id='par_1_9' title="bbox 211 1524 1780 1854">
     <span class='ocr_line' id='line_1_21' title="bbox 215 1524 1780 1581; baseline 0 -13"><span class='ocrx_word' id='word_1_172' title='bbox 215 1527 258 1568; x_wconf 89' lang='lat' dir='ltr'><strong>et</strong></span> <span class='ocrx_word' id='word_1_173' title='bbox 278 1525 508 1580; x_wconf 83' lang='lat' dir='ltr'><strong>Cratinum,</strong></span> <span class='ocrx_word' id='word_1_174' title='bbox 538 1525 737 1568; x_wconf 86' lang='lat' dir='ltr'><strong>iteratum</strong></span> <span class='ocrx_word' id='word_1_175' title='bbox 759 1524 963 1580; x_wconf 87' lang='lat' dir='ltr'><strong>viderent,</strong></span> <span class='ocrx_word' id='word_1_176' title='bbox 988 1525 1091 1567; x_wconf 89' lang='lat' dir='ltr'><strong>alias</strong></span> <span class='ocrx_word' id='word_1_177' title='bbox 1111 1525 1281 1580; x_wconf 79' lang='lat' dir='ltr'><strong>formas,</strong></span> <span class='ocrx_word' id='word_1_178' title='bbox 1303 1538 1412 1580; x_wconf 87' lang='lat' dir='ltr'><strong>quae</strong></span> <span class='ocrx_word' id='word_1_179' title='bbox 1433 1527 1508 1568; x_wconf 89' lang='lat' dir='ltr'><strong>aut</strong></span> <span class='ocrx_word' id='word_1_180' title='bbox 1530 1527 1780 1581; x_wconf 84' lang='lat' dir='ltr'><strong>anapaestos</strong></span> 
     </span>
     <span class='ocr_line' id='line_1_22' title="bbox 215 1593 1779 1649; baseline 0.001 -14"><span class='ocrx_word' id='word_1_181' title='bbox 215 1593 492 1636; x_wconf 89' lang='lat' dir='ltr'><strong>continebant</strong></span> <span class='ocrx_word' id='word_1_182' title='bbox 530 1595 605 1636; x_wconf 88' lang='lat' dir='ltr'><strong>aut</strong></span> <span class='ocrx_word' id='word_1_183' title='bbox 642 1595 903 1649; x_wconf 48' lang='lat' dir='ltr'><strong>anapaestis*</strong></span> <span class='ocrx_word' id='word_1_184' title='bbox 927 1594 1089 1636; x_wconf 87' lang='lat' dir='ltr'><strong>similes</strong></span> <span class='ocrx_word' id='word_1_185' title='bbox 1133 1595 1264 1648; x_wconf 86' lang='lat' dir='ltr'><strong>erant,</strong></span> <span class='ocrx_word' id='word_1_186' title='bbox 1307 1595 1353 1635; x_wconf 93' lang='lat' dir='ltr'><strong>in</strong></span> <span class='ocrx_word' id='word_1_187' title='bbox 1395 1593 1558 1637; x_wconf 87' lang='lat' dir='ltr'><strong>eisdem</strong></span> <span class='ocrx_word' id='word_1_188' title='bbox 1599 1594 1779 1637; x_wconf 85' lang='lat' dir='ltr'><strong>canticis</strong></span> 
     </span>
     <span class='ocr_line' id='line_1_23' title="bbox 213 1661 1779 1718; baseline 0.001 -15"><span class='ocrx_word' id='word_1_189' title='bbox 213 1661 424 1704; x_wconf 88' lang='lat' dir='ltr'><strong>adhibitas</strong></span> <span class='ocrx_word' id='word_1_190' title='bbox 454 1662 709 1716; x_wconf 85' lang='lat' dir='ltr'><strong>invenirent,</strong></span> <span class='ocrx_word' id='word_1_191' title='bbox 749 1662 927 1705; x_wconf 85' lang='lat' dir='ltr'><strong>stichice</strong></span> <span class='ocrx_word' id='word_1_192' title='bbox 958 1675 1041 1716; x_wconf 90' lang='lat' dir='ltr'><strong>eas,</strong></span> <span class='ocrx_word' id='word_1_193' title='bbox 1081 1666 1130 1704; x_wconf 89' lang='lat' dir='ltr'><strong>ut</strong></span> <span class='ocrx_word' id='word_1_194' title='bbox 1157 1663 1485 1718; x_wconf 80' lang='lat' dir='ltr'><strong>paroemiacum,</strong></span> <span class='ocrx_word' id='word_1_195' title='bbox 1527 1675 1779 1717; x_wconf 90' lang='lat' dir='ltr'><strong>componere</strong></span> 
     </span>
     <span class='ocr_line' id='line_1_24' title="bbox 213 1729 1778 1785; baseline 0.001 -14"><span class='ocrx_word' id='word_1_196' title='bbox 213 1729 537 1772; x_wconf 88' lang='lat' dir='ltr'><strong>constituerunt.</strong></span> <span class='ocrx_word' id='word_1_197' title='bbox 583 1729 649 1772; x_wconf 85' lang='lat' dir='ltr'><strong>Ita</strong></span> <span class='ocrx_word' id='word_1_198' title='bbox 686 1729 867 1772; x_wconf 89' lang='lat' dir='ltr'><strong>Luciani</strong></span> <span class='ocrx_word' id='word_1_199' title='bbox 907 1733 951 1772; x_wconf 90' lang='lat' dir='ltr'><strong>et</strong></span> <span class='ocrx_word' id='word_1_200' title='bbox 989 1729 1247 1773; x_wconf 86' lang='lat' dir='ltr'><strong>Mesomedis</strong></span> <span class='ocrx_word' id='word_1_201' title='bbox 1287 1743 1391 1773; x_wconf 90' lang='lat' dir='ltr'><strong>usus</strong></span> <span class='ocrx_word' id='word_1_202' title='bbox 1430 1730 1502 1774; x_wconf 90' lang='lat' dir='ltr'><strong>ille</strong></span> <span class='ocrx_word' id='word_1_203' title='bbox 1542 1733 1662 1773; x_wconf 90' lang='lat' dir='ltr'><strong>ortus</strong></span> <span class='ocrx_word' id='word_1_204' title='bbox 1702 1732 1778 1785; x_wconf 87' lang='lat' dir='ltr'><strong>est,</strong></span> 
     </span>
     <span class='ocr_line' id='line_1_25' title="bbox 211 1798 907 1854; baseline 0.001 -14"><span class='ocrx_word' id='word_1_205' title='bbox 211 1810 342 1852; x_wconf 87' lang='lat' dir='ltr'><strong>quem</strong></span> <span class='ocrx_word' id='word_1_206' title='bbox 372 1812 461 1853; x_wconf 90' lang='lat' dir='ltr'><strong>cap.</strong></span> <span class='ocrx_word' id='word_1_207' title='bbox 481 1798 549 1840; x_wconf 92' lang='grc' dir='ltr'><strong>ΠΙ</strong></span> <span class='ocrx_word' id='word_1_208' title='bbox 573 1798 907 1854; x_wconf 73' lang='lat' dir='ltr'><strong>explanavimus</strong></span> 
     </span>
    </p>

    <p class='ocr_par' dir='ltr' id='par_1_10' title="bbox 207 1866 1778 2737">
     <span class='ocr_line' id='line_1_26' title="bbox 353 1866 1778 1929; baseline 0.001 -21"><span class='ocrx_word' id='word_1_209' title='bbox 353 1866 444 1908; x_wconf 92' lang='lat' dir='ltr'><strong>Iam</strong></span> <span class='ocrx_word' id='word_1_210' title='bbox 475 1870 658 1929; x_wconf 83' lang='lat' dir='ltr'><strong>apparet,</strong></span> <span class='ocrx_word' id='word_1_211' title='bbox 689 1870 896 1921; x_wconf 78' lang='lat' dir='ltr'><strong>quantum</strong></span> <span class='ocrx_word' id='word_1_212' title='bbox 924 1867 1094 1909; x_wconf 88' lang='lat' dir='ltr'><strong>intersit</strong></span> <span class='ocrx_word' id='word_1_213' title='bbox 1122 1867 1235 1909; x_wconf 90' lang='lat' dir='ltr'><strong>inter</strong></span> <span class='ocrx_word' id='word_1_214' title='bbox 1264 1870 1484 1921; x_wconf 83' lang='lat' dir='ltr'><strong>poetarum</strong></span> <span class='ocrx_word' id='word_1_215' title='bbox 1515 1867 1658 1910; x_wconf 86' lang='lat' dir='ltr'><strong>studia</strong></span> <span class='ocrx_word' id='word_1_216' title='bbox 1687 1879 1778 1910; x_wconf 85' lang='lat' dir='ltr'><strong>sae-</strong></span> 
     </span>
     <span class='ocr_line' id='line_1_27' title="bbox 212 1934 1777 1990; baseline 0.001 -13"><span class='ocrx_word' id='word_1_217' title='bbox 212 1934 301 1977; x_wconf 88' lang='lat' dir='ltr'><strong>culi</strong></span> <span class='ocrx_word' id='word_1_218' title='bbox 319 1934 512 1977; x_wconf 71' lang='lat' dir='ltr'><strong>vsecundi</strong></span> <span class='ocrx_word' id='word_1_219' title='bbox 542 1939 585 1977; x_wconf 87' lang='lat' dir='ltr'><strong>et</strong></span> <span class='ocrx_word' id='word_1_220' title='bbox 615 1948 763 1977; x_wconf 84' lang='lat' dir='ltr'><strong>eorum</strong></span> <span class='ocrx_word' id='word_1_221' title='bbox 793 1937 1024 1990; x_wconf 87' lang='lat' dir='ltr'><strong>poetarum,</strong></span> <span class='ocrx_word' id='word_1_222' title='bbox 1056 1949 1163 1989; x_wconf 83' lang='lat' dir='ltr'><strong>quos</strong></span> <span class='ocrx_word' id='word_1_223' title='bbox 1183 1936 1359 1979; x_wconf 77' lang='lat' dir='ltr'><strong>,Seneca</strong></span> <span class='ocrx_word' id='word_1_224' title='bbox 1387 1936 1579 1978; x_wconf 89' lang='lat' dir='ltr'><strong>imitatus</strong></span> <span class='ocrx_word' id='word_1_225' title='bbox 1611 1938 1686 1978; x_wconf 89' lang='lat' dir='ltr'><strong>est.</strong></span> <span class='ocrx_word' id='word_1_226' title='bbox 1724 1936 1777 1978; x_wconf 87' lang='lat' dir='ltr'><strong>Ei</strong></span> 
     </span>
     <span class='ocr_line' id='line_1_28' title="bbox 212 1996 1777 2060; baseline 0.001 -15"><span class='ocrx_word' id='word_1_227' title='bbox 212 2003 327 2045; x_wconf 89' lang='lat' dir='ltr'><strong>enim</strong></span> <span class='ocrx_word' id='word_1_228' title='bbox 345 1996 495 2058; x_wconf 87' lang='lat' dir='ltr'><strong>poetae</strong></span> <span class='ocrx_word' id='word_1_229' title='bbox 517 2002 681 2058; x_wconf 79' lang='lat' dir='ltr'><strong>Graeci,</strong></span> <span class='ocrx_word' id='word_1_230' title='bbox 706 2003 781 2058; x_wconf 85' lang='lat' dir='ltr'><strong>qui</strong></span> <span class='ocrx_word' id='word_1_231' title='bbox 801 2002 984 2047; x_wconf 83' lang='lat' dir='ltr'><strong>Neronis</strong></span> <span class='ocrx_word' id='word_1_232' title='bbox 1007 2003 1270 2059; x_wconf 87' lang='lat' dir='ltr'><strong>temporibus</strong></span> <span class='ocrx_word' id='word_1_233' title='bbox 1295 2004 1564 2060; x_wconf 83' lang='lat' dir='ltr'><strong>anapaestica</strong></span> <span class='ocrx_word' id='word_1_234' title='bbox 1587 2004 1777 2047; x_wconf 88' lang='lat' dir='ltr'><strong>carmina</strong></span> 
     </span>
     <span class='ocr_line' id='line_1_29' title="bbox 210 2070 1777 2126; baseline 0.001 -13"><span class='ocrx_word' id='word_1_235' title='bbox 210 2070 462 2126; x_wconf 83' lang='lat' dir='ltr'><strong>pangebant,</strong></span> <span class='ocrx_word' id='word_1_236' title='bbox 499 2084 555 2113; x_wconf 83' lang='lat' dir='ltr'><strong>ex</strong></span> <span class='ocrx_word' id='word_1_237' title='bbox 585 2084 689 2113; x_wconf 89' lang='lat' dir='ltr'><strong>suae</strong></span> <span class='ocrx_word' id='word_1_238' title='bbox 727 2073 877 2114; x_wconf 83' lang='lat' dir='ltr'><strong>aetatis</strong></span> <span class='ocrx_word' id='word_1_239' title='bbox 908 2072 1087 2114; x_wconf 89' lang='lat' dir='ltr'><strong>canticis</strong></span> <span class='ocrx_word' id='word_1_240' title='bbox 1122 2072 1425 2126; x_wconf 73' lang='lat' dir='ltr'><strong>polymetiicis‚</strong></span> <span class='ocrx_word' id='word_1_241' title='bbox 1461 2073 1507 2113; x_wconf 89' lang='lat' dir='ltr'><strong>in</strong></span> <span class='ocrx_word' id='word_1_242' title='bbox 1548 2072 1704 2126; x_wconf 92' lang='lat' dir='ltr'><strong>quibus</strong></span> <span class='ocrx_word' id='word_1_243' title='bbox 1735 2074 1777 2114; x_wconf 89' lang='lat' dir='ltr'><strong>et</strong></span> 
     </span>
     <span class='ocr_line' id='line_1_30' title="bbox 209 2139 1774 2195; baseline 0 -12"><span class='ocrx_word' id='word_1_244' title='bbox 209 2139 293 2182; x_wconf 80' lang='lat' dir='ltr'><strong>alia</strong></span> <span class='ocrx_word' id='word_1_245' title='bbox 323 2141 457 2183; x_wconf 85' lang='lat' dir='ltr'><strong>metra</strong></span> <span class='ocrx_word' id='word_1_246' title='bbox 496 2142 539 2182; x_wconf 89' lang='lat' dir='ltr'><strong>et</strong></span> <span class='ocrx_word' id='word_1_247' title='bbox 568 2140 786 2195; x_wconf 80' lang='lat' dir='ltr'><strong>anapaesti</strong></span> <span class='ocrx_word' id='word_1_248' title='bbox 815 2140 995 2193; x_wconf 65' lang='lat' dir='ltr'><strong>inerant„</strong></span> <span class='ocrx_word' id='word_1_249' title='bbox 1035 2140 1309 2195; x_wconf 86' lang='lat' dir='ltr'><strong>hypermetra</strong></span> <span class='ocrx_word' id='word_1_250' title='bbox 1338 2140 1605 2195; x_wconf 84' lang='lat' dir='ltr'><strong>anapaestica</strong></span> <span class='ocrx_word' id='word_1_251' title='bbox 1633 2153 1774 2195; x_wconf 88' lang='lat' dir='ltr'><strong>segre-</strong></span> 
     </span>
     <span class='ocr_line' id='line_1_31' title="bbox 209 2201 1772 2263; baseline 0 -14"><span class='ocrx_word' id='word_1_252' title='bbox 209 2201 420 2263; x_wconf 85' lang='lat' dir='ltr'><strong>gaverunt</strong></span> <span class='ocrx_word' id='word_1_253' title='bbox 464 2208 766 2262; x_wconf 46' lang='lat' dir='ltr'><strong>carminaquex</strong></span> <span class='ocrx_word' id='word_1_254' title='bbox 780 2207 882 2250; x_wconf 90' lang='lat' dir='ltr'><strong>solis</strong></span> <span class='ocrx_word' id='word_1_255' title='bbox 924 2208 1208 2262; x_wconf 80' lang='lat' dir='ltr'><strong>hypermetris</strong></span> <span class='ocrx_word' id='word_1_256' title='bbox 1255 2211 1590 2251; x_wconf 83' lang='lat' dir='ltr'><strong>construxerunt</strong></span> <span class='ocrx_word' id='word_1_257' title='bbox 1631 2210 1772 2263; x_wconf 89' lang='lat' dir='ltr'><strong>(supra</strong></span> 
     </span>
     <span class='ocr_line' id='line_1_32' title="bbox 209 2275 1771 2331; baseline 0.001 -14"><span class='ocrx_word' id='word_1_258' title='bbox 209 2288 301 2331; x_wconf 86' lang='lat' dir='ltr'><strong>pag.</strong></span> <span class='ocrx_word' id='word_1_259' title='bbox 325 2275 407 2329; x_wconf 53' lang='lat'><strong>74&gt;</strong></span> <span class='ocrx_word' id='word_1_260' title='bbox 450 2277 510 2318; x_wconf 84' lang='lat' dir='ltr'><strong>At</strong></span> <span class='ocrx_word' id='word_1_261' title='bbox 528 2275 706 2318; x_wconf 88' lang='lat' dir='ltr'><strong>secundi</strong></span> <span class='ocrx_word' id='word_1_262' title='bbox 726 2275 886 2319; x_wconf 88' lang='lat' dir='ltr'><strong>saeculi</strong></span> <span class='ocrx_word' id='word_1_263' title='bbox 905 2277 1054 2331; x_wconf 88' lang='lat' dir='ltr'><strong>poetae</strong></span> <span class='ocrx_word' id='word_1_264' title='bbox 1077 2275 1278 2319; x_wconf 86' lang='lat' dir='ltr'><strong>stichicas</strong></span> <span class='ocrx_word' id='word_1_265' title='bbox 1301 2276 1459 2319; x_wconf 85' lang='lat' dir='ltr'><strong>formas</strong></span> <span class='ocrx_word' id='word_1_266' title='bbox 1484 2276 1771 2331; x_wconf 88' lang='lat' dir='ltr'><strong>anapaesticas</strong></span> 
     </span>
     <span class='ocr_line' id='line_1_33' title="bbox 209 2340 1770 2399; baseline -0.001 -13"><span class='ocrx_word' id='word_1_267' title='bbox 209 2340 236 2386; x_wconf 88' lang='grc'><strong>0</strong></span> <span class='ocrx_word' id='word_1_268' title='bbox 258 2344 644 2387; x_wconf 79' lang='lat' dir='ltr'><strong>vetustissimorum</strong></span> <span class='ocrx_word' id='word_1_269' title='bbox 673 2347 896 2399; x_wconf 85' lang='lat' dir='ltr'><strong>poetarum</strong></span> <span class='ocrx_word' id='word_1_270' title='bbox 925 2344 1122 2386; x_wconf 87' lang='lat' dir='ltr'><strong>thesauro</strong></span> <span class='ocrx_word' id='word_1_271' title='bbox 1148 2343 1522 2399; x_wconf 85' lang='lat' dir='ltr'><strong>deprompserunt3</strong></span> <span class='ocrx_word' id='word_1_272' title='bbox 1555 2357 1662 2398; x_wconf 87' lang='lat' dir='ltr'><strong>quae</strong></span> <span class='ocrx_word' id='word_1_273' title='bbox 1687 2357 1770 2397; x_wconf 91' lang='grc'>(1110</span> 
     </span>
     <span class='ocr_line' id='line_1_34' title="bbox 209 2411 1772 2465; baseline -0.001 -12"><span class='ocrx_word' id='word_1_274' title='bbox 209 2411 390 2453; x_wconf 84' lang='lat' dir='ltr'><strong>rariores</strong></span> <span class='ocrx_word' id='word_1_275' title='bbox 431 2411 723 2465; x_wconf 82' lang='lat' dir='ltr'><strong>occurrebant,</strong></span> <span class='ocrx_word' id='word_1_276' title='bbox 763 2423 813 2453; x_wconf 91' lang='lat' dir='ltr'><strong>eo</strong></span> <span class='ocrx_word' id='word_1_277' title='bbox 842 2411 1048 2453; x_wconf 87' lang='lat' dir='ltr'><strong>libentius</strong></span> <span class='ocrx_word' id='word_1_278' title='bbox 1089 2411 1409 2454; x_wconf 85' lang='lat' dir='ltr'><strong>adhibebantur.</strong></span> <span class='ocrx_word' id='word_1_279' title='bbox 1456 2412 1551 2454; x_wconf 92' lang='lat' dir='ltr'><strong>Hoc</strong></span> <span class='ocrx_word' id='word_1_280' title='bbox 1582 2411 1772 2452; x_wconf 88' lang='lat' dir='ltr'><strong>studium</strong></span> 
     </span>
     <span class='ocr_line' id='line_1_35' title="bbox 208 2478 1770 2533; baseline 0.001 -13"><span class='ocrx_word' id='word_1_281' title='bbox 208 2480 303 2521; x_wconf 85' lang='lat' dir='ltr'><strong>sine</strong></span> <span class='ocrx_word' id='word_1_282' title='bbox 345 2478 475 2520; x_wconf 88' lang='lat' dir='ltr'><strong>dubio</strong></span> <span class='ocrx_word' id='word_1_283' title='bbox 516 2482 655 2521; x_wconf 87' lang='lat' dir='ltr'><strong>ortum</strong></span> <span class='ocrx_word' id='word_1_284' title='bbox 686 2480 751 2521; x_wconf 89' lang='lat' dir='ltr'><strong>est</strong></span> <span class='ocrx_word' id='word_1_285' title='bbox 780 2491 836 2521; x_wconf 86' lang='lat' dir='ltr'><strong>ex</strong></span> <span class='ocrx_word' id='word_1_286' title='bbox 867 2479 1132 2532; x_wconf 84' lang='lat' dir='ltr'><strong>antiquitatis</strong></span> <span class='ocrx_word' id='word_1_287' title='bbox 1171 2492 1314 2523; x_wconf 91' lang='lat' dir='ltr'><strong>amore</strong></span> <span class='ocrx_word' id='word_1_288' title='bbox 1352 2480 1437 2533; x_wconf 86' lang='lat' dir='ltr'><strong>illo,</strong></span> <span class='ocrx_word' id='word_1_289' title='bbox 1479 2492 1561 2533; x_wconf 92' lang='lat' dir='ltr'><strong>quo</strong></span> <span class='ocrx_word' id='word_1_290' title='bbox 1600 2479 1770 2521; x_wconf 88' lang='lat' dir='ltr'><strong>saeculo</strong></span> 
     </span>
     <span class='ocr_line' id='line_1_36' title="bbox 208 2544 1771 2603; baseline 0.001 -15"><span class='ocrx_word' id='word_1_291' title='bbox 208 2545 397 2590; x_wconf 85' lang='lat' dir='ltr'><strong>secundo</strong></span> <span class='ocrx_word' id='word_1_292' title='bbox 429 2557 529 2587; x_wconf 87' lang='lat' dir='ltr'><strong>cum</strong></span> <span class='ocrx_word' id='word_1_293' title='bbox 547 2545 757 2603; x_wconf 75' lang='lat' dir='ltr'><strong>Hadriani</strong></span> <span class='ocrx_word' id='word_1_294' title='bbox 781 2544 978 2600; x_wconf 82' lang='lat' dir='ltr'><strong>aequales</strong></span> <span class='ocrx_word' id='word_1_295' title='bbox 1002 2548 1094 2588; x_wconf 89' lang='lat' dir='ltr'><strong>tum</strong></span> <span class='ocrx_word' id='word_1_296' title='bbox 1114 2545 1380 2595; x_wconf 85' lang='lat' dir='ltr'><strong>Hadrianum</strong></span> <span class='ocrx_word' id='word_1_297' title='bbox 1403 2547 1542 2601; x_wconf 91' lang='lat' dir='ltr'><strong>ipsum</strong></span> <span class='ocrx_word' id='word_1_298' title='bbox 1566 2545 1771 2600; x_wconf 83' lang='lat' dir='ltr'><strong>flagrasse</strong></span> 
     </span>
     <span class='ocr_line' id='line_1_37' title="bbox 208 2613 1771 2672; baseline 0.001 -15"><span class='ocrx_word' id='word_1_299' title='bbox 208 2615 367 2657; x_wconf 82' lang='lat' dir='ltr'><strong>scimus</strong></span> <span class='ocrx_word' id='word_1_300' title='bbox 377 2614 440 2668; x_wconf 78' lang='lat'><strong>⁸⁷).</strong></span> <span class='ocrx_word' id='word_1_301' title='bbox 481 2613 638 2657; x_wconf 83' lang='lat' dir='ltr'><strong>Tamen</strong></span> <span class='ocrx_word' id='word_1_302' title='bbox 678 2613 842 2672; x_wconf 75' lang='lat' dir='ltr'><strong>saeculi</strong></span> <span class='ocrx_word' id='word_1_303' title='bbox 878 2614 1007 2668; x_wconf 88' lang='lat' dir='ltr'><strong>primi</strong></span> <span class='ocrx_word' id='word_1_304' title='bbox 1042 2617 1086 2656; x_wconf 89' lang='lat' dir='ltr'><strong>et</strong></span> <span class='ocrx_word' id='word_1_305' title='bbox 1115 2614 1296 2657; x_wconf 89' lang='lat' dir='ltr'><strong>secundi</strong></span> <span class='ocrx_word' id='word_1_306' title='bbox 1333 2617 1476 2669; x_wconf 88' lang='lat' dir='ltr'><strong>poetas</strong></span> <span class='ocrx_word' id='word_1_307' title='bbox 1517 2615 1771 2668; x_wconf 84' lang='lat' dir='ltr'><strong>cognatione</strong></span> 
     </span>
     <span class='ocr_line' id='line_1_38' title="bbox 207 2675 1568 2737; baseline -0.001 -12"><span class='ocrx_word' id='word_1_308' title='bbox 207 2681 391 2737; x_wconf 83' lang='lat' dir='ltr'><strong>quadam</strong></span> <span class='ocrx_word' id='word_1_309' title='bbox 417 2682 531 2724; x_wconf 87' lang='lat' dir='ltr'><strong>inter</strong></span> <span class='ocrx_word' id='word_1_310' title='bbox 559 2694 607 2724; x_wconf 91' lang='lat' dir='ltr'><strong>se</strong></span> <span class='ocrx_word' id='word_1_311' title='bbox 638 2675 888 2724; x_wconf 73' lang='lat' dir='ltr'><strong>coniunctos</strong></span> <span class='ocrx_word' id='word_1_312' title='bbox 917 2680 1051 2724; x_wconf 83' lang='lat' dir='ltr'><strong>fuisse</strong></span> <span class='ocrx_word' id='word_1_313' title='bbox 1081 2694 1171 2737; x_wconf 90' lang='lat' dir='ltr'><strong>cap.</strong></span> <span class='ocrx_word' id='word_1_314' title='bbox 1194 2682 1233 2723; x_wconf 90' lang='lat' dir='ltr'><strong>V</strong></span> <span class='ocrx_word' id='word_1_315' title='bbox 1262 2681 1568 2735; x_wconf 82' lang='lat' dir='ltr'><strong>intellegemus.</strong></span> 
     </span>
    </p>
   </div>
   <div class='ocr_carea' id='block_1_10' title="bbox 207 2751 491 2759">
    <p class='ocr_par' dir='ltr' id='par_1_11' title="bbox 207 2751 491 2759">
     <span class='ocr_line' id='line_1_39' title="bbox 207 2751 491 2759; baseline 0 534"><span class='ocrx_word' id='word_1_316' title='bbox 207 2751 491 2759; x_wconf 95' lang='lat' dir='ltr'><strong> </strong></span> 
     </span>
    </p>
   </div>
   <div class='ocr_carea' id='block_1_11' title="bbox 350 2772 1770 2820">
    <p class='ocr_par' dir='ltr' id='par_1_12' title="bbox 350 2772 1770 2820">
     <span class='ocr_line' id='line_1_40' title="bbox 350 2772 1770 2820; baseline -0.001 -10"><span class='ocrx_word' id='word_1_317' title='bbox 350 2774 396 2820; x_wconf 80' lang='lat'><strong>⁸⁷)</strong></span> <span class='ocrx_word' id='word_1_318' title='bbox 419 2773 486 2810; x_wconf 84' lang='lat' dir='ltr'><strong>Illa</strong></span> <span class='ocrx_word' id='word_1_319' title='bbox 510 2774 633 2809; x_wconf 85' lang='lat' dir='ltr'><strong>aetate</strong></span> <span class='ocrx_word' id='word_1_320' title='bbox 667 2772 781 2809; x_wconf 84' lang='lat' dir='ltr'><strong>etiam</strong></span> <span class='ocrx_word' id='word_1_321' title='bbox 804 2772 1032 2809; x_wconf 84' lang='lat' dir='ltr'><strong>threneticos</strong></span> <span class='ocrx_word' id='word_1_322' title='bbox 1056 2783 1152 2818; x_wconf 85' lang='lat' dir='ltr'><strong>quos</strong></span> <span class='ocrx_word' id='word_1_323' title='bbox 1176 2782 1353 2808; x_wconf 88' lang='lat' dir='ltr'><strong>vocamus</strong></span> <span class='ocrx_word' id='word_1_324' title='bbox 1381 2773 1612 2818; x_wconf 83' lang='lat' dir='ltr'><strong>anapaestos</strong></span> <span class='ocrx_word' id='word_1_325' title='bbox 1635 2776 1770 2818; x_wconf 82' lang='lat' dir='ltr'><strong>poetae</strong></span> 
     </span>
    </p>
   </div>
   <div class='ocr_carea' id='block_1_12' title="bbox 122 2823 1770 2876">
    <p class='ocr_par' dir='ltr' id='par_1_13' title="bbox 122 2823 1770 2876">
     <span class='ocr_line' id='line_1_41' title="bbox 122 2823 1770 2876; baseline -0.002 -9"><span class='ocrx_word' id='word_1_326' title='bbox 122 2853 130 2857; x_wconf 88' lang='lat'><em>-</em></span> <span class='ocrx_word' id='word_1_327' title='bbox 205 2830 428 2876; x_wconf 75' lang='lat' dir='ltr'><strong>hymnorum</strong></span> <span class='ocrx_word' id='word_1_328' title='bbox 464 2828 678 2865; x_wconf 75' lang='lat' dir='ltr'><strong>imitandos·</strong></span> <span class='ocrx_word' id='word_1_329' title='bbox 704 2829 778 2865; x_wconf 82' lang='lat' dir='ltr'><strong>sihi</strong></span> <span class='ocrx_word' id='word_1_330' title='bbox 809 2823 1099 2874; x_wconf 82' lang='lat' dir='ltr'><strong>proposuerunt,</strong></span> <span class='ocrx_word' id='word_1_331' title='bbox 1137 2828 1235 2873; x_wconf 86' lang='lat' dir='ltr'><strong>quod</strong></span> <span class='ocrx_word' id='word_1_332' title='bbox 1271 2829 1428 2873; x_wconf 86' lang='lat' dir='ltr'><strong>apparet</strong></span> <span class='ocrx_word' id='word_1_333' title='bbox 1464 2838 1515 2867; x_wconf 79' lang='lat' dir='ltr'><strong>ex</strong></span> <span class='ocrx_word' id='word_1_334' title='bbox 1544 2828 1770 2865; x_wconf 80' lang='lat' dir='ltr'><strong>Mesomedis</strong></span> 
     </span>
    </p>
   </div>
   <div class='ocr_carea' id='block_1_13' title="bbox 204 2884 1769 3045">
    <p class='ocr_par' dir='ltr' id='par_1_14' title="bbox 204 2884 1769 3045">
     <span class='ocr_line' id='line_1_42' title="bbox 206 2884 1769 2937; baseline 0.001 -16"><span class='ocrx_word' id='word_1_335' title='bbox 206 2887 387 2937; x_wconf 70' lang='lat' dir='ltr'><strong>‘ver-ihus,</strong></span> <span class='ocrx_word' id='word_1_336' title='bbox 411 2887 481 2933; x_wconf 85' lang='lat' dir='ltr'><strong>qui</strong></span> <span class='ocrx_word' id='word_1_337' title='bbox 499 2885 726 2923; x_wconf 76' lang='lat' dir='ltr'><strong>antecedunt</strong></span> <span class='ocrx_word' id='word_1_338' title='bbox 749 2886 929 2933; x_wconf 81' lang='lat' dir='ltr'><strong>hymnum</strong></span> <span class='ocrx_word' id='word_1_339' title='bbox 952 2885 994 2922; x_wconf 87' lang='lat' dir='ltr'><strong>in</strong></span> <span class='ocrx_word' id='word_1_340' title='bbox 1009 2885 1151 2923; x_wconf 87' lang='lat' dir='ltr'><strong>Solem:</strong></span> <span class='ocrx_word' id='word_1_341' title='bbox 1176 2884 1395 2929; x_wconf 81' lang='grc' dir='ltr'>εὐφαμείτω</span> <span class='ocrx_word' id='word_1_342' title='bbox 1417 2888 1490 2930; x_wconf 77' lang='grc' dir='ltr'><strong>πᾶς</strong></span> <span class='ocrx_word' id='word_1_343' title='bbox 1504 2885 1620 2931; x_wconf 78' lang='grc' dir='ltr'>αἰθήρ</span> <span class='ocrx_word' id='word_1_344' title='bbox 1637 2898 1668 2922; x_wconf 84' lang='grc' dir='ltr'><strong>κ.</strong></span> <span class='ocrx_word' id='word_1_345' title='bbox 1685 2897 1719 2922; x_wconf 86' lang='grc' dir='ltr'><strong>τ.</strong></span> <span class='ocrx_word' id='word_1_346' title='bbox 1736 2888 1769 2924; x_wconf 82' lang='grc' dir='ltr'><strong>λ.</strong></span> 
     </span>
     <span class='ocr_line' id='line_1_43' title="bbox 204 2940 1769 2994; baseline 0 -15"><span class='ocrx_word' id='word_1_347' title='bbox 204 2940 347 2990; x_wconf 71' lang='lat' dir='ltr'><strong>Eadem</strong></span> <span class='ocrx_word' id='word_1_348' title='bbox 361 2944 484 2980; x_wconf 72' lang='lat' dir='ltr'><strong>forma</strong></span> <span class='ocrx_word' id='word_1_349' title='bbox 493 2979 496 2982; x_wconf 19' lang='grc' dir='ltr'><strong>Δ</strong></span> <span class='ocrx_word' id='word_1_350' title='bbox 505 2945 629 2983; x_wconf 77' lang='lat' dir='ltr'><strong>exstat</strong></span> <span class='ocrx_word' id='word_1_351' title='bbox 651 2943 693 2994; x_wconf 80' lang='lat' dir='ltr'><strong>in</strong></span> <span class='ocrx_word' id='word_1_352' title='bbox 714 2943 855 2991; x_wconf 73' lang='lat' dir='ltr'><strong>hymno</strong></span> <span class='ocrx_word' id='word_1_353' title='bbox 870 2942 911 2984; x_wconf 86' lang='lat' dir='ltr'><strong>in</strong></span> <span class='ocrx_word' id='word_1_354' title='bbox 926 2943 1031 2979; x_wconf 82' lang='lat' dir='ltr'><strong>Attin</strong></span> <span class='ocrx_word' id='word_1_355' title='bbox 1047 2941 1268 2988; x_wconf 80' lang='lat' dir='ltr'><strong>composito,</strong></span> <span class='ocrx_word' id='word_1_356' title='bbox 1293 2952 1404 2988; x_wconf 83' lang='lat' dir='ltr'><strong>quem</strong></span> <span class='ocrx_word' id='word_1_357' title='bbox 1419 2942 1534 2993; x_wconf 77' lang='lat' dir='ltr'><strong>tradit</strong></span> <span class='ocrx_word' id='word_1_358' title='bbox 1548 2942 1769 2989; x_wconf 81' lang='lat' dir='ltr'><strong>Hippolytus</strong></span> 
     </span>
     <span class='ocr_line' id='line_1_44' title="bbox 205 2995 1704 3045; baseline 0.001 -12"><span class='ocrx_word' id='word_1_359' title='bbox 205 2998 266 3044; x_wconf 79' lang='lat' dir='ltr'><strong>(cf.</strong></span> <span class='ocrx_word' id='word_1_360' title='bbox 290 2999 413 3045; x_wconf 79' lang='lat' dir='ltr'><strong>Lyrici</strong></span> <span class='ocrx_word' id='word_1_361' title='bbox 438 2998 571 3036; x_wconf 87' lang='lat' dir='ltr'><strong>Graeci</strong></span> <span class='ocrx_word' id='word_1_362' title='bbox 594 2999 676 3045; x_wconf 82' lang='lat'>111⁴,</span> <span class='ocrx_word' id='word_1_363' title='bbox 701 3008 808 3045; x_wconf 77' lang='lat' dir='ltr'><strong>pagg.</strong></span> <span class='ocrx_word' id='word_1_364' title='bbox 826 2999 1002 3044; x_wconf 78' lang='grc'>685-6);</span> <span class='ocrx_word' id='word_1_365' title='bbox 1019 2999 1142 3034; x_wconf 82' lang='grc' dir='ltr'>Ἄττιν</span> <span class='ocrx_word' id='word_1_366' title='bbox 1162 2995 1295 3042; x_wconf 78' lang='grc' dir='ltr'>’κλῄσω</span> <span class='ocrx_word' id='word_1_367' title='bbox 1321 2995 1391 3032; x_wconf 67' lang='lat' dir='ltr'><strong>rev</strong></span> <span class='ocrx_word' id='word_1_368' title='bbox 1416 2997 1535 3041; x_wconf 90' lang='grc' dir='ltr'>Ῥείης</span> <span class='ocrx_word' id='word_1_369' title='bbox 1560 3009 1590 3033; x_wconf 90' lang='grc' dir='ltr'><strong>κ.</strong></span> <span class='ocrx_word' id='word_1_370' title='bbox 1615 3009 1648 3034; x_wconf 90' lang='grc' dir='ltr'><strong>τ.</strong></span> <span class='ocrx_word' id='word_1_371' title='bbox 1674 3000 1704 3034; x_wconf 89' lang='grc' dir='ltr'><strong>λ.</strong></span> 
     </span>
    </p>
   </div>
  </div>
 </body>
</html>
