2041 3293
866 203 1042 243 -35
1103 225 1167 233 ,-

233 334 422 377 metricis
453 332 756 384 diiudicandis3
788 330 902 386 quod
932 337 1105 386 apparet
1134 332 1350 386 ex·Heph.
1373 333 1441 385 35,
1466 331 1692 385 10—110,
1722 331 1797 372 ubi

147 438 153 440 .
232 400 501 457 Telesilleum
537 414 624 443 non
660 412 810 443 versus
846 399 1107 456 anapaestici
1142 399 1321 442 formam
1359 399 1645 444 catalecticum
1672 399 1797 441 iudi-

234 473 451 522 caverunt,
481 469 557 511 sed
593 469 781 511 ionicum
792 489 798 507 .·
819 483 844 510 a
879 462 1052 510 maiore·
1076 477 1170 510 esse
1206 472 1322 510 recte
1357 468 1672 510 intellexerunt.
1710 468 1797 510 Ubi

233 550 335 580 vero
360 538 596 580 erraverint
615 537 780 592 opinari
801 550 1042 592 possumus,
1073 537 1108 578 si
1125 537 1417 592 fragmentum
1443 536 1654 581 Bobiense
1680 536 1795 591 quod

234 609 409 648 vocatur
443 606 694 660 respicimus
731 605 820 659 (GL
838 605 902 647 VI
925 605 1021 659 624,
1043 606 1097 646 27
1103 604 1260 659 Ἰ-625,
1283 606 1343 657 6):
1375 605 1594 647 dimetrum
1626 604 1794 662 brachy-

232 674 490 723 cdalxtum:
528 688 675 730 »super
697 674 835 717 ardua
846 673 994 729 :fertur
1013 675 1165 729 equis«.
1190 673 1242 730 ab
1262 673 1334 715 hoc
1357 675 1476 716 metri
1497 688 1642 729 yenere
1670 673 1795 715 distat

213 755 378 796 veraces,
408 744 481 800 qui
501 742 769 799 prosodiacus
797 743 1037 784 nominatur
1065 746 1103 783 et
1125 747 1182 783 est
1206 743 1356 794 varius,
1382 742 1489 796 quod
1514 744 1562 783 iu
1584 742 1795 796 principio

232 823 315 853 uon
354 814 640 866 anapaestum,
672 809 742 853 sed
775 808 963 859 ,iambum
994 809 1137 866 pedem
1179 814 1252 852 aut
1289 809 1505 865 spondium
1545 811 1719 864 accipiat
1757 814 1795 852 et

231 879 386 920 duobus
408 878 660 933 sequentibus
681 879 913 937 anapaestis
937 879 1188 930 terminetur,
1215 881 1260 918 ut
1283 881 1340 918 'est
1363 877 1512 919 iambo:
1551 878 1666 933 »quis
1687 878 1795 929 inter

171 998 174 1000 ,
232 960 322 989 aves
351 946 536 990 melicas«
576 950 614 988 et
643 945 833 1007 spondw:
875 951 1024 989 »cautu
1043 946 1105 987 *«.
1151 945 1220 988 Ex
1250 958 1346 987 mea
1375 946 1585 987 sententia
1603 946 1794 1000 ,Alexan-

232 1014 343 1056 drini
381 1026 452 1057 eas
488 1014 647 1056 formas
682 1014 851 1073 lyricaS‚
883 1026 994 1068 quae
1029 1013 1211 1069 aliquam
1245 1015 1565 1071 anapaestornm
1597 1013 1795 1055 similitu-

232 1083 374 1126 dinem
399 1082 658 1138 praebebant
678 1086 720 1125 et
739 1082 794 1140 ak.»⁸
817 1084 1044 1137 anapaesto
1068 1081 1341 1138 incipiebant,
1365 1082 1479 1124 inter
1503 1082 1794 1136 anapaesticos

232 1163 381 1194 versus
418 1151 686 1193 catalecticos
722 1145 1036 1192 enumerabant.
1073 1148 1300 1192 Habebant
1333 1150 1465 1204 igitur
1499 1163 1576 1205 pro
1614 1149 1792 1192 dimetro

231 1219 572 1273 hypercatalecto
602 1220 649 1259 in
680 1216 887 1271 syllabam
919 1230 1090 1259 versum
1121 1218 1244 1259 velut'
1264 1218 1363 1260 Eur.
1384 1218 1472 1260 Ion.
1494 1218 1600 1260 480:
1635 1219 1792 1269 ἑτέροις

231 1287 297 1329 ἐπὶ
326 1286 499 1338 τέκνοις,
530 1286 605 1328 sed
636 1299 710 1341 pro
741 1286 878 1327 forma
907 1285 1049 1327 ionica
1071 1285 1172 1327 Eur.
1194 1285 1326 1327 Andr.
1349 1285 1454 1327 280:
1488 1287 1703 1341 σταθμοὺς
1728 1285 1795 1327 ἐπὶ

232 1355 386 1406 Boc-rm
417 1366 493 1408 pro
526 1353 705 1395 dimetro
729 1354 774 1394 in
801 1352 1057 1406 bisyllabum
1085 1353 1425 1407 hypercatalecto
1450 1353 1553 1396 Eur.
1572 1353 1661 1396 Ion.
1683 1353 1791 1394 468:

231 1421 469 1464 ἱκετεύσατε
507 1421 557 1475 δ’,
595 1420 630 1462 ὦ
668 1421 800 1475 κόραι,
836 1420 912 1463 sed
949 1434 1024 1476 pro
1062 1420 1198 1462 forma
1233 1421 1375 1463 ionica
1397 1420 1684 1473 Telesilleumt,
1714 1434 1790 1476 pro

232 1488 410 1531 dimetro
448 1488 815 1542 brachycatalecto
852 1488 953 1530 Eur.
982 1489 1071 1543 Iph.
1098 1489 1218 1530 Taur.
1249 1489 1382 1530 1265:
1420 1491 1472 1531 τά
1502 1489 1537 1530 τ’
1563 1488 1694 1532 ἔπειθ’
1720 1488 1792 1533 ὅσ’

231 1558 377 1610 ἔμελλε
401 1560 550 1611 τυχεῖν,
574 1571 651 1612 pro
677 1557 922 1612 prosodiaco
944 1557 1062 1599 velut
1082 1557 1185 1599 αὐτὰ
1206 1558 1253 1598 δέ
1275 1568 1331 1599 συ
1354 1558 1563 1599 Καλλιόπα
1583 1558 1667 1610 (48,
1684 1559 1706 1598 7
1725 1557 1791 1610 Ο);

229 1638 306 1678 pro
339 1624 517 1666 dimetro
555 1625 799 1666 catalectico
835 1625 881 1664 in
922 1624 1176 1678 bisyllabum
1211 1624 1312 1666 Eur.
1334 1624 1492 1666 Phoen.
1518 1624 1620 1665 163:
1661 1625 1791 1666 ποσὶν

231 1692 471 1744 ἐξανύσαιμι
508 1692 559 1735 δι’
587 1693 766 1744 αἰθέρος.
809 1692 922 1743 Quas
957 1692 1114 1734 formas
1155 1705 1295 1746 neque
1332 1692 1549 1746 dactylum
1587 1705 1791 1745 umquam

151 1779 154 1783 ’
229 1761 431 1815 praebere
465 1761 868 1818 neque-diaereseos
897 1760 991 1814 lege
1024 1760 1161 1814 digeri
1190 1760 1283 1802 sine
1315 1759 1444 1801 dubio
1476 1759 1791 1802 Alexandrinos

229 1842 313 1870 non
346 1827 554 1883 fugiebat3
586 1827 661 1870 sed
693 1841 792 1870 cum
822 1828 983 1870 formae
1012 1829 1228 1884 rarissime
1253 1828 1567 1882 adhiberentur,
1599 1829 1677 1870 has
1705 1828 1793 1869 dis-

230 1897 467 1951 crepantias
505 1908 593 1937 non
635 1897 778 1950 magni
812 1897 1017 1938 momenti
1046 1896 1264 1950 putavisse
1295 1896 1505 1954 videntur,
1550 1897 1601 1938 ut
1631 1896 1705 1950 qui
1750 1899 1793 1938 et

228 1965 542 2019 paroemiacum
567 1977 643 2018 pro
666 1964 804 2005 forma
829 1964 1073 2006 catalectica
1098 1964 1268 2006 dimetri
1292 1964 1548 2019 anapaestici
1574 1964 1792 2018 haberent,

229 2045 486 2087 quamquam
518 2032 697 2074 diaeresi
729 2033 974 2086 saepissime
1005 2031 1184 2074 carebat.

372 2100 489 2151 Quae
510 2113 608 2142 cum
629 2100 689 2142 ita
707 2101 802 2154 sint,
825 2099 1137 2142 Alexandrinos
1160 2101 1385 2142 dimetrum
1413 2101 1535 2142 illum
1557 2101 1791 2155 anapaesti-

229 2182 338 2224 cum,
355 2180 483 2226 quem
495 2168 541 2211 in
555 2168 731 2211 canticis
746 2167 988 2225 Euripideis
1002 2168 1329 2224 observavimus,
1346 2183 1602 2224 quamquam
1618 2172 1661 2212 et
1675 2168 1787 2211 diae-

227 2238 313 2280 resi
344 2238 512 2280 carebat
542 2250 680 2303 neque
710 2237 876 2280 ferebat
905 2238 1133 2292 dactylum,
1164 2251 1249 2280 non
1281 2252 1304 2280 a
1325 2238 1578 2293 parodorum
1608 2237 1787 2280 dimetro

229 2300 403 2348 differre
418 2307 647 2361 putavisse
651 2305 812 2352 credas.
843 2305 1000 2348 Tamen
1016 2319 1090 2348 eos
1102 2319 1188 2347 non
1201 2306 1308 2347 nihil
1322 2307 1374 2348 de
1387 2307 1467 2348 hac
1478 2307 1615 2348 forma
1628 2306 1788 2347 dixisse

229 2373 313 2417 duo
337 2374 421 2417 loci
446 2374 550 2416 mihi
571 2372 838 2429 persuadent,
869 2373 973 2416 Mar.
995 2374 1156 2417 Victor.
1183 2374 1256 2417 GL
1278 2374 1339 2416 VI
1363 2375 1430 2429 76,
1447 2376 1562 2417 28—
1567 2376 1589 2416 7
1596 2377 1634 2428 7
1663 2376 1715 2416 13
1749 2377 1791 2416 et

227 2440 406 2496 Dionys.
436 2442 572 2484 Halic.
605 2442 657 2483 de
689 2455 821 2496 comp.
843 2442 957 2484 verb.
981 2445 1004 2484 7
1011 2444 1049 2496 Ο,
1072 2444 1124 2483 17
1131 2445 1257 2496 -71,
1290 2444 1342 2484 17
1373 2408 1452 2495 (ed.
1474 2441 1791 2495 Us.·Raderm.),

192 2546 195 2551 ,
230 2521 412 2563 quorum
427 2509 500 2552 ille
516 2510 621 2552 haec
636 2509 779 2552 docet:
813 2509 905 2552 Hoc
926 2511 1006 2553 loco
1027 2510 1173 2564 dicam,
1194 2525 1280 2564 cur,
1301 2525 1392 2553 cum
1407 2512 1490 2552 sint
1505 2510 1612 2552 duae
1625 2509 1792 2565 periodi

226 2590 296 2639 seu
326 2580 504 2632 stasima,
536 2583 582 2620 ut
606 2579 775 2634 quidam
801 2584 951 2632 vocant,
975 2579 1079 2634 pari
1097 2581 1206 2621 inter
1229 2593 1269 2621 se
1290 2579 1569 2635 couiuyatione
1589 2578 1789 2634 copulata,

229 2645 401 2689 alterum
439 2651 596 2690 vocetur
631 2649 932 2703 anapaesticon,
943 2647 1144 2705 'alterum
1181 2647 1417 2704 dactylicon,
1454 2661 1545 2689 cum
1581 2660 1706 2702 aeque
1743 2647 1790 2688 in

228 2717 401 2771 utraque
425 2716 576 2758 cadant
603 2716 724 2758 mixti
742 2715 927 2772 dactylus*
947 2720 984 2758 et
1003 2702 1257 2771 anapaestus.
1289 2729 1414 2757 causa
1433 2716 1537 2769 talis,
1560 2715 1667 2771 quod
1687 2729 1791 2757 ana-

220 2785 428 2856 paesticon
444 2784 563 2826 melos
579 2784 683 2825 binis
691 2784 864 2838 pedibus
880 2788 993 2825 amat
1006 2797 1166 2825 sensum
1180 2784 1397 2837 includere,
1413 2789 1457 2825 ut
1469 2783 1584 2838 apud
1596 2784 1790 2825 Accium:

571 2851 727 2908 inclyte,
751 2865 889 2907 parva
915 2850 1102 2907 praedite
1125 2853 1273 2907 patria

572 2921 733 2962 nomine
761 2919 904 2961 celebri
933 2920 1120 2975 claroque
1142 2924 1286 2975 potens

566 2993 735 3044 pectore,
766 2980 953 3031 Achivis
960 2988 1152 3031 classibus
1181 2993 1335 3031 auctor.

1572 3069 1615 3106 3*
