2041 3293
863 187 917 193 -
981 161 1037 204 36
1098 168 1158 193 .:.-

221 305 326 349 quae
346 292 539 349 periodos
567 294 679 336 circa
707 284 779 336 θεῷ
806 298 994 336 vereatur
1022 291 1225 349 dipodius.
1256 296 1400 335 contra
1418 291 1625 344 Ραοιιοὶιιε
1642 290 1792 338 novare

213 362 471 417 propositum
514 360 646 404 volens
686 361 820 404 noluit
860 362 977 404 intra
1017 361 1131 404 binos
1166 360 1300 416 pedes,
1343 365 1390 403 ut
1429 362 1631 416 superius,
1667 361 1793 416 finire

220 441 394 481 sensum,
423 428 496 471 sed
523 429 748 472 secundum
768 428 1019 484 Ema'pofdem
1039 424 1283 486 dactylicum
1307 421 1492 482 metrum,
1523 428 1632 485 quod
1653 430 1792 490 appel-

222 497 350 556 latur,
379 497 560 551 induxit,
590 500 637 539 ut
665 498 845 539 nominis
872 498 1047 540 mutatio
1076 497 1349 558 diversitatem
1372 496 1502 550 daret,
1533 496 1658 540 huius
1680 498 1793 542 modi

222 556 390 608 §thaimo
418 579 490 608 seu
511 564 683 621 periodo
713 577 828 607 usus:
1083 623 1087 626 ἡ

570 638 699 692 αρίιε,
719 636 785 689 ite,
817 636 1045 689 <e>volvite,
1076 637 1211 691 rapite
1240 650 1364 690 coma,

550 707 743 748 ,tractate
769 716 846 759 per
874 715 1020 759 aspera
1050 716 1155 745 sam
1184 707 1222 745 et
1250 703 1432 757 humum,

570 760 845 821 <di>ecindite
874 775 995 812 vestes
1022 771 1133 812 ocius
1163 773 1330 821 (nunc)
1346 772 1405 825 ¹⁰).

225 846 454 903 Euripides
478 846 640 901 aliquid
661 859 821 891 novum
847 846 1063 889 invenisse
1085 860 1109 888 a
1129 846 1266 889 Mario
1290 846 1550 902 perhibetur,
1583 860 1679 890 cum
1704 860 1791 890 non

225 916 310 958 iam
330 927 515 960 ,sensum
547 915 729 970 singulis
759 916 907 958 metris
927 915 1197 972 terminarit3
1228 914 1274 957 id
1306 914 1479 970 quidem
1511 916 1668 971 optime
1694 928 1791 959 cum

225 996 275 1026 eo
301 984 525 1038 consentit,
550 983 666 1038 quod
691 983 744 1026 de
765 984 1044 1039 anapaesticis
1065 983 1258 1025 dimetris
1281 982 1429 1037 lyricis
1450 982 1790 1036 observavim1183

225 1064 313 1094 non
344 1052 553 1107 congruit,
589 1051 705 1107 quod
742 1052 848 1095 haec
886 1051 1024 1095 forma
1065 1051 1257 1106 dactylos
1296 1052 1534 1107 anapaestis
1573 1052 1792 1095 immixtos

226 1119 450 1162 admittere
483 1119 649 1162 dicitur.
696 1120 736 1162 N
738 1133 794 1162 ou
815 1123 989 1175 apparet
1008 1122 1238 1174 praeterea,
1270 1119 1428 1173 qua-de
1450 1131 1580 1161 causa
1603 1122 1792 1173 systema

227 1186 485 1241 dactylicum
496 1188 695 1230 vocatum
709 1187 785 1239 sit3
799 1199 941 1242 neque
954 1187 1068 1230 enim
1083 1187 1310 1242 quisquam
1316 1186 1524 1230 rationem
1535 1200 1559 1229 a
1569 1186 1792 1229 Victorino

224 1254 392 1297 allatam
423 1268 566 1297 veram
604 1254 781 1310 putabit.
827 1254 988 1297 Lucem
1020 1255 1125 1296 mihi
1161 1254 1317 1297 afferre
1347 1253 1518 1297 videtur
1547 1254 1791 1309 Dionysius,

226 1322 301 1377 qui
332 1322 438 1365 haec
469 1321 594 1365 dicit:
630 1323 655 1365 ὁ
689 1325 737 1366 δὲ
767 1323 1088 1376 προλαμβάνων
1107 1323 1185 1375 τὰς
1211 1322 1289 1366 δύο
1312 1322 1505 1377 βραχείας
1527 1323 1793 1375 ἀνάπαιστος

225 1392 300 1442 μὲν
330 1393 521 1444 καλεῖται,
564 1390 800 1443 σεμνότητα
832 1390 870 1432 δ’
892 1391 973 1444 ἔχει
1003 1391 1169 1442 πολλήν
1183 1403 1192 1412 ·
1214 1391 1281 1433 καὶ
1310 1391 1414 1450 ἔνθα
1454 1393 1516 1433 δεῖ
1546 1390 1725 1443 μέγεθός
1754 1403 1792 1432 τι

223 1459 474 1510 περιτιθέναι
504 1460 595 1511 τοῖς
625 1459 872 1511 πράγμασιν
902 1459 928 1510 ἣ
959 1459 1110 1512 πάθος,
1141 1458 1375 1510 ἐπιτήδειός
1405 1458 1495 1502 ἐστι
1520 1459 1792 1511 παραλαμβά-

224 1528 398 1569 νεσθαι·
418 1525 576 1568 τούτου
607 1527 658 1568 τὸ
692 1528 837 1578 σχῆμα
866 1525 1052 1568 τοιόνδε·
1070 1519 1216 1579 4»βαρύ
1249 1539 1316 1578 μοι
1347 1528 1538 1578 κεφαλᾶς
1562 1525 1790 1578 ἐπίκρανον

224 1594 372 1646 ἔχειναε.
405 1593 430 1634 ὁ
453 1596 502 1636 δὲ
522 1594 608 1636 ἀπὸ
629 1597 707 1646 τῆς
729 1597 891 1646 μακρᾶς
911 1594 1162 1647 ἀρχόμενος,
1184 1595 1329 1645 λήγων
1351 1596 1398 1636 δὲ
1419 1594 1478 1646 είς
1497 1595 1575 1646 τὰς
1596 1595 1792 1647 βραχείας

224 1661 433 1713 δάκτυλος
474 1662 551 1712 μὲν
590 1663 767 1704 καλεῖται
900 1661 989 1717 (10)
1030 1661 1069 1703 οἱ
1106 1662 1245 1713 μέντοι
1286 1661 1473 1713 ῥυθμικοὶ
1514 1663 1671 1705 τούτου
1713 1656 1791 1704 τοῦ

223 1730 366 1780 ποδὸς
410 1732 488 1780 τὴν
537 1730 699 1783 μακρὰν
749 1731 1010 1783 βραχυτέραν
1061 1726 1162 1772 εἷναί
1208 1740 1317 1782 φασι
1366 1733 1444 1782 τῆς
1487 1726 1682 1783 τελείας,’
1715 1729 1793 1772 οὐκ
1877 1730 1881 1735 ’

224 1797 398 1849 ἔχοντες
429 1796 469 1839 δ’
491 1797 617 1840 εἰπεῖν
638 1797 746 1852 ὅσῳ,
778 1799 984 1841 καλοῦσιν
1005 1797 1136 1848 αὐτὴν
1158 1796 1329 1848 ἄλογον.
1377 1797 1523 1850 ἕτερός
1548 1797 1664 1840 ἐστιν
1685 1797 1794 1840 ἀντί-

225 1877 427 1918 στροφον
458 1865 568 1920 ἔχων
598 1866 737 1920 τούτῳ
779 1866 953 1919 ῥυθμόν,
986 1867 1037 1918 ὃς
1068 1866 1154 1909 ἀπὸ
1192 1869 1279 1909 τῶν
1312 1857 1521 1918 βραχειῶν
1558 1866 1806 1918 ἀρξάμενος»

224 1933 292 1976 ἐπὶ
321 1934 399 1985 τήν
430 1931 592 1985 ἄλογον
612 1935 804 1990 τελευτᾷ·
825 1935 983 1976 τοῦτον
1009 1934 1275 1987 χωρίσαντες
1299 1933 1384 1976 ἀπὸ
1409 1936 1498 1977 τῶν
1519 1933 1795 1978 ἀναπαίστων

224 2003 419 2045 κυκλικὸν
460 2005 643 2047 καλοῦσι
683 2003 944 2055 παράδειγμα
974 2002 1107 2045 αὐτοῦ
1139 2003 1350 2055 φέροντες
1388 2003 1559 2045 τοιόνδε
1573 2016 1582 2025 ·
1608 2004 1795 2061 ιικὲχυται

225 2069 352 2122 πόλις
381 2070 596 2123 ὑψίπυλος
636 2071 741 2113 κατὰ
779 2073 900 2121 γᾶνα.
932 2070 1144 2113 Tenemus
1185 2070 1413 2113 dimetrum
1453 2069 1574 2112 illum
1615 2070 1797 2113 diaeresi

229 2141 457 2180 carentem.
504 2138 640 2189 Quem
673 2151 725 2181 ea
754 2151 801 2180 re
827 2151 853 2180 a
877 2136 1131 2193 parodorum
1158 2137 1337 2181 dimetro
1363 2137 1539 2181 differre
1560 2137 1796 2192 Dionysius

226 2205 362 2259 docet,
395 2205 509 2260 quod
541 2205 667 2261 longa
697 2205 860 2260 syllaba
892 2205 1061 2248 brevior
1090 2206 1157 2260 sit,
1188 2219 1316 2261 quam
1348 2205 1458 2248 duae
1478 2205 1652 2257 breves;
1684 2205 1796 2248 idem

229 2273 282 2315 de
314 2275 449 2316 metro
482 2273 693 2327 dactylico
723 2274 958 2328 rhythmici
988 2273 1187 2316 docuisse
1225 2273 1500 2327 dicunturss).
1545 2272 1671 2323 Quid·
1687 2274 1798 2316 veri·

230 2341 415 2382 similius
455 2344 531 2394 est,
572 2353 699 2394 quam
740 2341 821 2383 hac
852 2340 906 2383 de
944 2353 1073 2383 causa
1107 2340 1331 2396 periodum
1368 2340 1484 2382 illam
1522 2340 1798 2384 dimetrorum

229 2408 413 2451 diaeresi
434 2409 673 2452 carentium
690 2407 942 2464 dactylicam
960 2421 1055 2452 esse
1070 2408 1352 2465 appellatam?
1384 2407 1469 2468 Sed
1484 2409 1590 2452 haec
1606 2408 1800 2452 doctriua

376 2510 417 2556 ¹⁰)
443 2509 656 2555 <e>volvite
683 2509 779 2544 coni.
807 2529 850 2535 —
876 2509 916 2546 V.
932 2509 967 2545 3.
994 2519 1089 2545 corr.
1115 2509 1158 2545 H.
1175 2509 1266 2547 Keil.

375 2566 420 2612 ιι)
445 2566 547 2602 Haec
574 2564 709 2608 ἀλογία
738 2576 829 2600 num
853 2576 931 2601 non
956 2565 1067 2601 modo
1092 2564 1143 2601 ad
1167 2565 1264 2612 epici
1288 2565 1495 2602 hexametri
1520 2566 1690 2612 dactylos
1716 2576 1797 2612 per-

226 2622 359 2667 tineat,
382 2622 452 2658 sed
477 2622 592 2659 etiam
616 2622 667 2658 ad
684 2632 752 2658 eas
769 2621 908 2658 formas
924 2622 1143 2668 dactylicas,
1168 2632 1265 2668 quae
1281 2621 1322 2657 in
1339 2622 1496 2658 canticis
1513 2621 1799 2666 adhibebantur,

229 2677 487 2714 difficillimum
509 2681 566 2714 est
590 2677 639 2714 ad
663 2677 954 2721 diiudicandum.
990 2675 1405 2723 Rossbach-westphal,
1431 2678 1586 2721 Theoi-ie
1603 2678 1671 2714 der
1685 2678 1800 2713 musi-

225 2734 347 2770 schen
376 2733 517 2770 Kiinste
547 2733 615 2770 der
645 2733 838 2777 Hellenen,
869 2734 913 2770 111
939 2734 958 2769 1
985 2733 1117 2779 (1887),
1148 2733 1415 2780 pagg.>13-26
1445 2734 1610 2781 syllabas
1640 2733 1802 2777 ἀλόγους

226 2790 276 2827 ad
296 2789 471 2836 'dactylos
496 2790 560 2836 qui
584 2790 819 2827 canebantur
843 2790 1031 2836 pertinere
1056 2793 1178 2836 negat.
1216 2791 1337 2836 Quam
1363 2789 1588 2828 sententiam
1617 2790 1801 2839 equidem,

224 2846 335 2892 lyrici
359 2846 508 2882 dimetri
532 2845 765 2892 anapaestici
790 2846 961 2891 exemplo
986 2846 1109 2890 nixus,
1135 2856 1213 2883 nou
1236 2845 1313 2882 iam
1329 2856 1459 2882 veram
1480 2849 1618 2893 putare
1636 2856 1801 2893 possum,

224 2913 311 2939 cum
341 2901 404 2939 hic
436 2901 596 2938 dimeter
626 2902 667 2938 in
696 2901 866 2948 partibus
896 2901 1186 2952 tragoediarum,
1219 2913 1315 2949 quae
1340 2902 1693 2948 pronuntiabantur,
1725 2913 1803 2939 non

227 2961 413 2996 occurrat.
1794 2959 1807 2965 ““
