2041 3293
818 170 1109 210 „45-

182 301 423 353 sequuntur
463 300 551 342 tres
594 299 824 341 tetrametri
869 297 1158 341 choriambici.
1204 298 1256 340 In
1293 299 1375 341 hoc
1417 299 1604 341 carmine
1643 298 1745 339 bina

180 370 317 410 metra
347 368 615 422 anapaestica
643 367 835 422 singulos
867 379 1014 409 versus
1045 366 1254 420 efficiunt,
1293 365 1406 421 quod
1435 366 1597 408 indicat
1625 379 1740 408 acro-

182 434 361 478 stichon.
399 435 615 478 Versuum
646 435 760 477 enim
791 434 1058 489 singulorum
1088 434 1248 489 primae
1279 434 1448 476 litterae
1479 434 1585 476 haec
1615 433 1745 475 verba

182 502 399 561 efficiunt:
442 503 643 556 Ὀλύμπιε
673 505 852 555 πολλοῖς
889 502 1001 547 ἔτεσι
1032 504 1228 555 θύσειας,
1270 514 1420 545 versus
1458 505 1600 544 autem
1637 514 1744 556 quos

183 570 389 627 descripsi
428 585 451 613 a
491 566 642 613 litteris
679 585 704 612 υ
744 582 774 614 o·
810 585 831 613 ε
868 571 1082 625 incipiunt
1120 570 1238 612 vocis
1279 571 1464 621 θύσειας.
1511 569 1745 624 Anapaesti

182 639 308 681 etiam
349 639 395 681 in
434 638 574 694 lapide
612 638 688 680 illo
728 642 914 692 exstant,
955 637 1007 680 de
1048 651 1133 692 quo
1174 638 1362 692 disputat
1391 637 1744 679 Wilamowitzius

181 706 228 755 in
249 707 556 760 dissertatione,
579 704 688 760 quae
704 705 1031 749 ‘Nordionische
1047 705 1205 748 Steine’
1227 705 1475 748 inscribitur
1486 707 1549 758 ¹²).
1570 704 1744 758 Hymno

183 775 295 816 enim
328 774 531 816 Ptolemai
561 774 608 815 in
639 774 745 815 urbe
773 774 948 816 invento
979 774 1134 816 adiecti
1163 779 1264 814 sunt
1295 774 1339 814 hi
1369 785 1540 815 versus:

326 851 476 893 Νείλου
510 852 557 893 δὲ
589 841 694 902 ῥοὰς
725 850 902 906 [δμῲης]
935 851 1070 903 μάκαρ
1102 849 1264 901 ἀιδίους
1458 850 1461 852 “

321 919 391 960 ’καὶ
420 921 522 973 τᾷδε
551 919 670 960 πόλει
702 919 835 970 θάλος
866 918 1104 971 ἀμβρόσιον

324 985 442 1041 πάσῃ
472 985 509 1028 τ’
533 985 695 1035 ἀγανὸν
726 986 852 1037 κλέος
882 986 1091 1040 Αἰγύπτῳ.

323 1054 440 1106 χαῑρὲ
473 1067 551 1107 μοι,
583 1053 619 1094 ὦ
650 1054 798 1106 Παιάν,
831 1053 895 1095 ἐπ’
917 1054 1034 1105 ἐμαῖς
1065 1052 1251 1138 εὔφροοι
1281 1052 1420 1095 ταῖσδ’
1442 1053 1616 1104 ἀοιδαῖς,

323 1120 444 1175 χαῖρ’,
477 1120 511 1162 ὦ
543 1120 667 1163 Πύθι’
689 1121 911 1164 ’.Απολλον

182 1198 234 1239 V.
256 1199 284 1238 4
314 1198 536 1252 priapeum
576 1201 650 1251 est,
691 1210 730 1238 v.
759 1199 784 1238 5
816 1197 1127 1252 pherecrateuS.
1169 1197 1364 1239 Secundo
1403 1197 1535 1251 igitur
1574 1196 1745 1238 saeculo

182 1264 422 1308 Christiano
455 1265 642 1307 carmina
673 1278 697 1307 e
729 1265 858 1307 variis
887 1265 1035 1307 formis
1067 1265 1253 1307 metricis
1286 1264 1667 1319 componebantur3
1699 1264 1745 1305 in

182 1333 249 1374 his
280 1332 540 1375 carminibus
572 1333 696 1374 etiam
730 1334 864 1374 metra
893 1334 1162 1387 anapaestica
1179 1332 1504 1410 adhibebantur,
1537 1343 1645 1385 quae
1669 1343 1747 1385 per

182 1400 436 1455 synaphiam
467 1400 802 1442 continebantur.

324 1468 536 1509 Dimetros
562 1469 853 1522 anapaesticos
878 1467 1133 1522 Euripideos
1163 1469 1210 1508 in
1235 1469 1436 1521 quattuor
1461 1466 1746 1508 monumentis

181 1535 366 1591 repperi,
411 1547 593 1589 quorum
637 1535 722 1577 duo
766 1538 933 1590 praeter
978 1536 1226 1591 anapaestos
1256 1535 1397 1577 ⁴etiam
1440 1534 1544 1576 alias
1587 1533 1745 1576 formas

182 1604 381 1645 metricas
401 1602 624 1658 praebent3
657 1616 824 1658 semper
852 1604 965 1645 inter
989 1603 1190 1645 dimetros
1216 1605 1342 1645 etiam
1369 1603 1622 1645 monometri
1646 1615 1745 1644 ana-

183 1671 358 1725 paestici
391 1672 631 1712 occurrunt.
679 1670 808 1713 Hunc
831 1684 958 1713 usum
983 1671 1258 1713 observamus
1281 1672 1327 1712 in
1353 1671 1542 1712 carmine
1566 1670 1639 1711 illo
1665 1669 1743 1711 sub

181 1738 314 1780 finem
355 1737 533 1780 secundi
564 1739 724 1780 saeculi
756 1739 1004 1793 composito,
1042 1740 1167 1782 cuius
1202 1740 1404 1793 reliquias
1436 1738 1570 1781 edidit
1593 1738 1746 1779 Kaibel

182 1806 325 1861 Epigr.
349 1805 417 1847 Gr.
440 1819 479 1846 n.
504 1806 616 1847 1027
633 1819 677 1847 c:

525 1883 811 1937 πάγ]γλωσσα
840 1885 939 1935 γένη

528 1950 729 2002 μερόπων
760 1950 1029 2004 ἀνεγείρατον
1060 1950 1106 1994 ἑκ
1138 1951 1337 2004 καμάτων

529 2019 769 2069 βαρυαλγὲα
799 2022 968 2063 νοῦσον
999 2020 1271 2072 ἀπωσαμὲνω
1287 2033 1296 2041 ·

527 2085 664 2135 Παιὰν
695 2088 742 2128 δὲ
772 2087 949 2138 γέγηθεν
986 2087 1263 2149 ἀκειροιςόμης

472 2155 495 2194 5
528 2155 630 2195 νὲον
662 2155 789 2207 ἔρνος
819 2156 930 2207 ἔχων
962 2157 1025 2209 σὲ,
1056 2156 1317 2208 Τελεσφόρε,
1348 2157 1424 2197 τὸν

529 2222 623 2272 περὶ
654 2223 731 2273 κὴρ
765 2222 912 2278 ἔσ[τη],

530 2290 597 2330 καὶ
627 2289 801 2332 πολλαῖι
832 2292 968 2342 σεμνὰ
999 2293 1103 2333 θεοῦ
1136 2291 1327 2342 Καμάτου
1361 2323 1369 2331 .
1393 2324 1401 2331 .
1425 2323 1433 2331 .

109 2386 116 2392 ν’
186 2365 399 2409 Dimetros
431 2365 720 2420 anapaesticos
750 2371 990 2423 sequuntur
1020 2379 1169 2409 versus
1187 2367 1330 2409 heroi.
1368 2366 1403 2409 Ε
1436 2367 1627 2409 dimetris
1651 2380 1750 2408 ana-

186 2435 397 2490 paesticis,
429 2445 535 2487 quos
557 2433 714 2487 dactyli
736 2434 1034 2488 sequebantur,
1060 2435 1185 2477 etiam
1208 2448 1377 2477 carmen
1399 2435 1507 2476 illud
1528 2435 1752 2489 Hippolyti

189 2502 247 2553 εἰς
269 2503 406 2544 Ἄττιν
432 2500 800 2555 corruptissimum
826 2502 1065 2544 constitisse
1085 2502 1255 2544 videtur
1265 2503 1328 2556 ¹³).
1360 2502 1412 2544 In
1436 2502 1751 2557 paroemiacum

188 2569 350 2613 formae
370 2568 662 2624 anapaesticae
683 2573 855 2624 exeunt,
881 2572 930 2612 ut
950 2570 1202 2625 parodorum
1225 2571 1423 2624 systema,
1454 2569 1556 2612 Luc.
1577 2568 1751 2624 Tragod.

192 2638 448 2680 191—203:

534 2705 817 2757 ἀδαμάντινον
847 2707 954 2759 ἦθος
984 2708 1144 2761 ἔχουσα
1175 2707 1294 2761 κόρα,

535 2775 837 2828 πουλυσθενὲς,
869 2775 1124 2828 ὀβριμόθυμε
1156 2776 1242 2828 θεά,

340 2891 591 2938 ²⁸)·Abhdlgn.
608 2891 642 2927 d.
660 2891 756 2927 Berl.
774 2890 890 2927 Akad.
909 2891 1013 2937 1909,
1039 2902 1121 2938 pag.
1138 2891 1196 2936 42,
1222 2895 1350 2928 annot.
1370 2892 1402 2928 1.

340 2948 383 2992 ¹⁸)
407 2948 530 2995 Lyrici
554 2947 687 2984 Graeci
711 2958 785 2983 rec.
803 2947 923 2994 Bergk
947 2949 1019 2984 111⁴
1043 2948 1176 2994 (1882),
1202 2960 1308 2995 pagg.
1326 2950 1479 2985 685—6.

0 3250 36 3288 {23st
46 3252 110 3280 ’ᾗ
133 3274 137 3278 ι
204 3254 210 3268 l

0 3274 81 3293 η-»ὶι
94 3277 130 3293 γ’*
143 3284 153 3293 ψ
205 3290 207 3292 .
253 3292 256 3293 ⁷
