2041 3293
855 195 1149 235 -59-

221 325 587 381 anapaesticorum
624 338 654 366 a
689 325 852 367 ratione
896 324 1061 367 Graeca
1101 324 1292 375 differat3
1335 324 1543 366 nonnulla
1585 325 1699 366 enim
1741 324 1788 366 in

209 392 399 445 >canticis
429 392 711 448 anapaesticis
741 391 871 434 huius
906 395 1054 448 poetae
1085 395 1333 446 occurrunt,
1372 404 1482 446 quae
1513 392 1630 435 nullo
1661 393 1787 435 modo

222 473 246 502 e
277 460 438 503 Graeco
475 473 565 519 usur
591 472 760 514 sumere
796 461 944 515 potuit,
982 460 1058 502 sed
1093 461 1186 514 ipse
1223 460 1316 513 sibi,
1353 461 1403 501 ut
1438 463 1562 515 poeta
1597 460 1787 514 LatinuS,

216 527 389 571 videtur
420 527 702 570 constituisse.

363 598 555 640 Primum
585 598 719 652 igitur
748 597 955 640 Senecam
984 598 1035 640 in
1062 598 1299 652 anapaestis
1325 596 1630 652 componendis
1656 596 1787 638 Grae·

222 678 370 709 corum
401 678 504 708 suae
534 666 683 723 aetatis
719 665 977 719 imitatorem
1011 665 1146 707 fuisse
1185 663 1501 717 demonstrab03
1539 663 1695 707 deinde
1726 677 1787 718 ea,

221 747 330 789 quae
366 734 509 777 Latini
545 724 722 788 originis
758 734 806 775 in
843 734 1020 776 canticis
1050 734 1145 776 eius
1177 733 1378 776 videntur
1407 746 1517 787 esse,
1554 733 1787 783 exhibeb03

220 805 312 843 tum
343 801 637 855 'exemplorum
666 800 838 843 illorum
870 800 1130 843 Graecorum
1162 801 1382 855 rationem,
1415 813 1542 855 quam
1564 800 1787 855 amplexus

223 873 298 925 est,
328 869 561 913 illustrabo.
1207 880 1209 882 ’

364 937 527 980 Seneca
576 950 602 978 a
649 928 859 979 Diomede
908 937 956 978 in
1009 937 1327 979 neotericorum
1378 928 1643 991 quorundam
1696 937 1788 979 sive

220 1005 486 1048 novellorum
509 1008 733 1060 poetarum
752 1001 932 1047 numero
955 1009 1320 1058 commemoratur,
1343 1005 1468 1047 cuius
1493 1002 1787 1059 appellationis

220 1074 426 1115 rationem
450 1073 497 1114 G.
515 1072 757 1115 Schultzius
782 1072 1071 1115 demonstrare
1093 1076 1270 1114 conatus
1291 1073 1409 1130 estf).
1442 1071 1527 1122 Qui
1547 1072 1788 1115 neotericos

221 1141 312 1183 sive
333 1135 524 1183 novellos
554 1142 701 1195 poetas
733 1153 805 1183 eos
825 1141 961 1183 fuisse
982 1141 1140 1194 docuit,
1172 1141 1247 1194 qui
1267 1154 1293 1181 a
1318 1140 1466 1182 Caesio
1491 1140 1625 1182 Basso
1650 1153 1788 1194 usque

187 1254 191 1257 ,
221 1207 274 1251 ad
306 1207 485 1260 secundi
515 1208 676 1251 saeculi
704 1208 837 1251 finem
863 1208 1047 1251 fuissent
1070 1221 1286 1263 novasque
1317 1209 1475 1251 formas
1501 1209 1699 1251 metricas
1723 1208 1789 1250 in-

221 1278 370 1319 venire
401 1277 684 1328 studuissent;
717 1276 833 1330 quod
862 1277 916 1318 ad
946 1276 1137 1321 studium
1167 1276 1263 1317 illos
1295 1289 1390 1318 esse
1422 1279 1657 1317 commotos
1688 1289 1787 1317 cum
1856 1328 1859 1330 -

222 1343 362 1386 Caesii
391 1343 517 1385 Bassi
546 1342 750 1385 doctrina>
767 1344 852 1398 illa,
889 1356 974 1398 qua
1008 1344 1077 1391 usi
1113 1345 1263 1399 poetae
1293 1343 1376 1399 ipsi
1398 1345 1518 1385 'nova
1547 1346 1683 1385 metra
1713 1356 1787 1386 ex-

223 1413 407 1467 cogitare
437 1412 689 1466 potuissent,
724 1416 815 1453 ‘tum
851 1411 1038 1455 Senecae
1076 1412 1288 1466 exemplo,
1331 1407 1412 1465 qui'
1443 1412 1632 1453 carmina
1667 1412 1788 1466 poly-

221 1483 356 1522 metra
387 1479 441 1521 ad
471 1479 638 1521 Stoicae
670 1479 773 1521 artis
809 1480 1035 1535 praecepta
1073 1479 1391 1536 composuisset
1447 1478 1650 1522 Sollerter
1686 1492 1788 1523 sane

222 1549 329 1591 haec
360 1549 403 1591 et
432 1549 555 1590 acute
587 1546 820 1604 disputata;
853 1561 1110 1602 quamquam
1139 1561 1291 1590 vereor
1320 1552 1369 1589 ut
1393 1561 1496 1590 vera
1524 1548 1611 1590 sint
1634 1550 1788 1591 omnia.

222 1615 426 1658 Senecam
459 1615 644 1670 primum
674 1616 941 1657 neotericum
964 1615 1097 1657 fuisse
1119 1628 1196 1670 ego
1219 1628 1390 1670 quoque
1412 1614 1621 1667 concedo;
1655 1629 1788 1659 novos

221 1688 366 1739 poetas
396 1696 506 1725 nova
536 1687 671 1725 metra
701 1683 945 1726 adhibuisse
976 1698 1064 1726 non
1093 1697 1224 1738 nego;
1257 1696 1397 1737 neque
1429 1696 1530 1725 vero
1563 1684 1788 1737 quisquam

220 1751 347 1794 facile
378 1745 484 1792 'mihi
512 1750 785 1806 persuadebit
813 1751 1004 1794 novellos
1034 1753 1179 1807 poetas
1203 1763 1337 1793 novas
1364 1751 1438 1793 has
1458 1750 1618 1792 formas
1639 1762 1786 1792 omnes

221 1819 336 1874 ipsos
358 1819 633 1874 excogitasse.
664 1818 760 1861 Hoc
781 1820 893 1861 enim
913 1844 967 1849 —
985 1819 1098 1873 quod
1119 1831 1198 1861 nos
1219 1818 1390 1872 quidem
1416 1819 1577 1860 scimus
1596 1843 1649 1848 —
1669 1818 1785 1859 solus

222 1886 385 1929 Seneca
414 1887 460 1928 in
493 1886 751 1928 carminibus
780 1879 1029 1941 polymetris
1059 1886 1201 1929 facere
1232 1899 1361 1928 ausus
1393 1888 1468 1928 est
1526 1885 1652 1936 Quod
1683 1898 1786 1928 vero

221 1953 372 1995 attinet
401 1953 452 1994 ad
484 1952 669 2006 reliquas
698 1952 858 1994 formas
890 1966 914 1994 a
945 1953 1108 1996 Seneca
1138 1953 1348 1996 adhibitas
1379 1953 1496 1996 etad
1516 1966 1599 2008 eas,
1631 1953 1786 2008 quibus

223 2020 355 2063 ceteri
384 2012 535 2075 poetae
565 2018 805 2075 utebantur,
844 2021 963 2076 quos
988 2022 1101 2064 inter
1136 2023 1327 2065 novellos
1363 2021 1593 2065 Diomedes
1630 2022 1787 2077 aliique

222 2089 485 2141 enumerant,
526 2098 695 2141 semper
733 2089 1026 2142 quaerendum
1066 2093 1146 2145 est,
1192 2104 1297 2132 num
1338 2104 1362 2133 e
1403 2090 1578 2133 Graecis
1616 2090 1788 2133 illorum

184 2187 186 2189 ·
221 2158 463 2212 temporum
502 2156 816 2211 exemplaribus
855 2158 1024 2199 novicia
1063 2170 1141 2200 sua
1181 2159 1448 2214 sumpserint.
1485 2157 1625 2219 Quod
1657 2171 1788 2215 'argu-

224 2225 378 2267 mentis
422 2225 573 2279 utique
621 2225 875 2268 confirmare
919 2225 1044 2268 nobis
1090 2239 1177 2268 non
1222 2226 1341 2280 licet,
1388 2240 1488 2269 cum
1528 2226 1788 2270 Graecorum

223 2305 428 2336 versuum
457 2295 696 2336 recentiora
725 2284 1002 2338 mbnumenta
1031 2307 1117 2337 non
1149 2295 1283 2337 multa
1313 2295 1466 2337 tradita
1501 2295 1608 2346 sint3
1646 2296 1787 2338 tamen

224 2361 386 2419 aliquot
415 2362 565 2404 saltem
596 2364 830 2414 metrorum
860 2365 1089 2419 supersunt
1119 2364 1316 2419 exempla
1347 2364 1519 2418 Graeca,
1551 2377 1661 2418 quae
1689 2377 1787 2406 cum

223 2429 386 2472 Latinis
417 2430 511 2471 istis
531 2432 778 2487 comparari
809 2433 998 2487 possunt.

365 2497 405 2541 N
408 2497 567 2540 ovellos
596 2498 728 2554 igitur
757 2501 902 2554 poetas
931 2498 1118 2541 novandi
1149 2500 1288 2542 studio
1319 2500 1624 2554 paenultimam
1659 2501 1788 2542 tetra-

224 2567 347 2609 metri
400 2565 600 2619 dactylici
649 2566 853 2621 syllabam
911 2566 1085 2608 brevem
1135 2567 1359 2623 reliquisse
1416 2568 1629 2622 huiusque
1680 2580 1787 2610 usus

223 2634 341 2690 ipsos
370 2635 567 2677 auctores
588 2633 724 2677 fuisse
745 2635 986 2677 Schultzius
1008 2634 1123 2690 dicit,
1155 2636 1396 2678 testimonio
1423 2649 1527 2678 usus
1546 2636 1787 2678 Terentiani

224 2714 291 2744 vv.
324 2703 437 2744 1992
448 2713 559 2756 sqq·
608 2774 705 2802 nam
735 2761 864 2815 lyrici
895 2762 1092 2816 quotiens
1121 2775 1199 2804 sua
1227 2762 1379 2804 volunt

599 2829 789 2871 carmina
818 2842 896 2885 per
926 2831 1068 2873 varios
1100 2830 1200 2873 dare
1232 2842 1370 2885 sonos,

608 2897 802 2951 pluribus
831 2897 906 2940 illa
936 2897 1072 2940 modis
1102 2899 1162 2940 ita
1191 2891 1365 2940 novant.
1420 2946 1422 2948 ,

224 2956 542 3034 Ἦ.
560 2979 655 3016 xxn
678 2970 811 3025 (1887),
824 2989 940 3025 pagg.
963 2978 1139 3016 260-81.
