2041 3293
925 151 1220 192 ..44-

284 280 581 323 Alexandrina
599 281 862 323 invenimus
891 279 960 335 (cf.
983 292 1073 335 cap.
1094 279 1127 334 1,
1158 292 1251 335 pag.
1274 280 1357 332 2-8).
1411 279 1524 322 Κατὰ
1554 281 1701 333 στίχον
1735 291 1857 322 usur·
1933 292 1937 294 ·

284 350 430 404 patum
473 361 573 392 eum
613 348 821 391 habemus
859 348 905 390 in
948 348 1136 391 carmine
1174 346 1488 403 Niloplotarum
1527 346 1642 407 quod
1680 350 1858 390 vocatur

284 416 347 471 (Ρ.
369 415 481 471 Oxy.
501 416 580 470 III,
610 429 642 459 s.
664 430 704 458 n.
721 417 914 470 ,425)¹⁰):

456 482 461 483 ⁷
705 485 852 527 ναῦται
885 484 1305 536 βυθοκυματοδρόμοι

705 551 838 595 ἁλίων
867 552 1077 605 Τρίτωνες
1108 553 1294 606 ὑδάτων,

706 621 772 663 καὶ
804 620 1005 663 Νειλῶται
1034 620 1335 673 γλυκυδρὸμοι,

703 688 756 729 τὰ
787 689 977 738 γελῶντα
1006 687 1214 739 πλέοντες
1243 686 1379 730 ὕδατα
1409 711 1466 718 -
1541 685 1545 688 '

648 757 673 797 5
705 757 783 807 τὴν
815 757 1038 808 σύγκρισιν
1070 755 1230 808 cinare,-
1253 756 1381 809 φίλοι,

706 824 921 876 πελάγους
952 824 1018 866 καὶ
1051 821 1205 866 Νείλου
1237 824 1427 875 γονίμου.

287 891 503 935 Dimetros
534 892 638 935 κατὰ
664 892 810 945 στίχον
841 891 1053 934 adhibitos
1084 903 1177 933 esse
1209 891 1329 933 hiatu
1361 904 1398 932 v.
1424 893 1446 933 1
1480 896 1523 933 et
1553 890 1716 945 syllaba
1741 890 1857 936 anci-

288 960 367 1014 piti
404 973 442 1001 v,
470 961 498 1001 4
530 959 728 1001 admissis
769 960 953 1014 apparet.
1000 958 1051 999 V.
1075 959 1113 1011 6,
1146 958 1222 1012 qui
1262 962 1392 1000 totam
1432 958 1856 1013 comprehensionem
1918 1014 1920 1016 r

288 1027 499 1081 terminat,
531 1040 607 1082 pro
628 1039 790 1082 paeone
810 1027 974 1082 positus
995 1027 1060 1068 est
1081 1025 1363 1068 choriambus.
1395 1027 1735 1081 Anapaestorum
1757 1038 1857 1068 con-

289 1096 466 1137 structio
508 1108 560 1137 ea
594 1107 642 1136 re
680 1094 859 1136 liberior
897 1095 962 1136 cst
1003 1106 1129 1148 quam
1170 1092 1283 1149 apud
1321 1093 1583 1149 Euripidem,
1625 1093 1740 1148 quod
1780 1106 1857 1149 pro

288 1163 527 1218 anapaestis
553 1163 680 1205 etiam
702 1161 881 1217 spondei
902 1161 1193 1205 admittuntur.
1234 1161 1358 1203 Hanc
1377 1161 1595 1203 licentiam
1615 1163 1698 1202 iam
1721 1164 1857 1203 aetate

289 1229 583 1272 Alexandrina
613 1230 803 1283 viguisse
834 1241 962 1284 supra
992 1229 1179 1271 vidimus
1209 1229 1278 1284 (cf.
1303 1241 1397 1284 pag.
1420 1229 1503 1283 28).

431 1297 521 1339 Iam
553 1301 818 1339 transeamus
850 1297 903 1339 ad
934 1296 1258 1339 acatalectarum
1288 1297 1519 1339 formarum
1551 1297 1857 1339 tractationem.

287 1365 530 1419 Euripides,
562 1366 611 1406 ut
640 1364 933 1407 intelleximus
965 1377 1055 1419 cap.
1077 1364 1109 1417 I,
1140 1365 1186 1405 in
1217 1364 1408 1418 partibus
1438 1364 1587 1418 lyricis
1617 1363 1858 1406 fabularum

288 1444 463 1474 suarum
496 1431 692 1474 adhibuit
721 1433 1006 1474 monometros
1037 1431 1339 1487 anapaesticos,
1371 1432 1447 1486 qui
1477 1431 1627 1474 alienis
1659 1431 1858 1474 membris

288 1500 479 1542 metricis
499 1499 801 1542 inserebantur
820 1511 972 1553 neque,
997 1504 1046 1541 ut
1064 1499 1109 1540 in
1131 1498 1313 1554 parodis,
1338 1499 1604 1554 paroemiaco
1631 1499 1858 1541 conclude-

289 1566 459 1621 bantur,
492 1571 535 1610 et
564 1565 768 1621 dimetros
799 1579 906 1621 quos
932 1567 1178 1609 vocavimus
1208 1567 1509 1622 anapaesticus,
1541 1568 1616 1622 qui
1645 1567 1700 1609 iis
1730 1566 1858 1610 rebus
1935 1573 1939 1577 ”
1967 1613 1974 1621 ,

290 1649 316 1677 a
339 1635 596 1690 parodorum
617 1636 855 1690 anapaestis
877 1634 1145 1688 differebant,
1176 1635 1291 1689 quod
1311 1647 1454 1690 neque
1473 1635 1586 1677 inter
1606 1635 1706 1677 bina
1726 1638 1860 1677 metra

290 1701 494 1745 diaeresis
515 1702 662 1745 aderat
681 1715 822 1757 neque
838 1707 1162 1757 anapaestorum
1177 1703 1316 1744 forma
1335 1703 1548 1757 dactylica
1567 1702 1857 1757 adhibebatur.

290 1770 487 1827 Secundo
528 1770 698 1812 saeculo
731 1770 972 1812 Christiano
1005 1773 1048 1812 et
1078 1771 1202 1813 tertio
1240 1784 1294 1813 ex
1327 1771 1394 1811 his
1433 1771 1582 1813 formis
1613 1770 1859 1825 Euripideis

290 1838 481 1880 carmina
521 1837 902 1893 componebantur3
943 1838 1100 1880 formas
1131 1839 1418 1894 anapaesticas
1455 1850 1622 1893 semper
1652 1838 1859 1894 synaphia

289 1905 581 1948 connectebat.
1655 1941 1670 1947 „
1766 1894 1770 1898 ’

433 1973 688 2016 Monometri
710 1986 836 2029 saepe
857 1973 969 2017 inter
988 1973 1150 2017 alienos
1167 1986 1315 2017 versus
1331 1974 1523 2030 usurpati
1541 1973 1738 2016 videntur
1753 1987 1858 2028 esse,

290 2055 377 2096 qua
390 2055 438 2084 re
455 2043 704 2097 compositio
720 2047 954 2085 metrorum
970 2043 1185 2084 simillima
1199 2042 1333 2085 fiebat
1347 2042 1615 2097 Euripideae.
1646 2041 1710 2083 Ita
1725 2053 1795 2083 res
1811 2053 1858 2083 se

289 2109 419 2152 habet
438 2110 484 2151 in
501 2109 617 2152 ‘Ara’
634 2123 744 2166 quae
768 2113 945 2153 vocatur
958 2109 1191 2165 Besantini,
1208 2109 1323 2166 quod
1340 2122 1513 2153 carmen
1528 2108 1735 2152 Hadriani
1752 2112 1858 2153 tem-

290 2178 464 2233 poribus
487 2181 624 2221 ortum
644 2192 737 2221 esse
755 2179 992 2234 constat11).
1009 2179 1182 2233 .Incipit
1196 2184 1337 2221 autem
1359 2192 1384 2220 a
1400 2178 1536 2220 tribus
1553 2179 1857 2232 anacreonteis,

290 2248 532 2300 sequuntur
559 2246 794 2288 tetrametri
824 2246 1031 2289 trochaici
1059 2248 1158 2300 tres,
1190 2248 1276 2289 tres
1300 2245 1528 2302 phalaecei,
1559 2245 1728 2289 dimetri
1752 2246 1857 2288 iam·
1880 2306 1883 2309 Ι

230 2309 234 2312 ’
289 2314 376 2356 bici
408 2312 630 2365 undecim3
669 2314 746 2356 hos
777 2327 927 2367 versus
959 2314 1181 2369 excipiunt
1210 2314 1478 2369 anapaestica
1507 2317 1643 2355 metra
1672 2326 1772 2356 sex:

635 2381 920 2434 Ὑμηττιάδων
951 2383 1064 2425 πολὺ
1098 2383 1331 2436 λαροτὲρην

637 2452 832 2500 σπονδὴν
864 2450 996 2502 ἅδην·
1018 2450 1075 2492 ἴθι
1108 2453 1158 2502 δὴ
1185 2451 1385 2503 θαρσέων

637 2517 682 2568 ἐς
712 2517 814 2579 ἐμὴν
845 2519 990 2571 ζεῦξιν,
1022 2517 1210 2570 καθαρὸς
1241 2518 1321 2570 γὰρ
1354 2518 1436 2567 ἐγώ
1469 2550 1478 2559 .
1501 2550 1509 2559 .
1533 2550 1559 2569 .,

440 2605 481 2648 ¹⁰)
513 2604 568 2640 De
605 2603 664 2639 his
700 2604 870 2640 versibus
906 2604 1070 2641 breviter
1108 2604 1284 2641 disseruit
1318 2604 1497 2640 Croenert
1529 2605 1636 2651 (Mus.
1663 2604 1781 2640 Rben.
1809 2604 1857 2640 64

289 2661 421 2708 (1909),
446 2671 529 2707 pag.
547 2659 712 2705 iustam),
741 2661 803 2705 qui
829 2661 1061 2697 demonstrat
1084 2661 1154 2696 hos
1179 2672 1312 2696 versus
1335 2671 1414 2706 non
1438 2671 1463 2697 a
1486 2661 1612 2697 nautis
1637 2661 1856 2697 decantatos

290 2727 386 2762 esse,
412 2717 480 2754 sed
504 2717 545 2753 in
570 2715 745 2753 convivio
769 2717 957 2762 recitatos,
983 2716 1118 2764 quibus
1143 2716 1305 2754 conviva
1329 2717 1469 2754 amicos
1493 2728 1583 2754 suos
1599 2716 1770 2753 iussisset
1784 2717 1856 2761 τὴν

290 2774 484 2818 σύγκρισιν
518 2773 637 2809 εἰπεῖν
668 2773 852 2816 πελάγους
882 2773 943 2810 καὶ
977 2773 1111 2810 Νείλου
1142 2774 1314 2816 γονίμου.
1364 2774 1522 2810 Metrum
1547 2776 1672 2810 autem
1696 2783 1783 2818 non,
1815 2776 1855 2809 ut

291 2830 472 2866 Croenert
497 2832 639 2874 censet,
665 2839 690 2865 a
704 2829 958 2866 versificatore
980 2831 1105 2876 aliquo
1127 2830 1320 2867 inventum
1338 2832 1407 2874 est,
1425 2829 1494 2867 ‘sed
1510 2840 1557 2866 ex
1572 2840 1644 2866 usu
1657 2829 1856 2875 Euripideo

289 2886 516 2932 decerptum.

434 2935 478 2990 ¹¹)
502 2942 569 2979 Ed.
587 2942 844 2988 Wilamowitz,
871 2943 1037 2980 Bucolici
1063 2943 1207 2988 Graeci,
1233 2954 1316 2989 pag.
1338 2943 1416 2980 154.
