2041 3293
910 159 1206 210 ..34-

269 286 678 344 εγηιιρὶιίαθκῑθςοιη
709 288 836 333 etiam
851 294 853 296 “
866 300 951 330 vox
981 287 1054 330 illa
1083 287 1300 343 pertinere
1330 286 1502 331 videtur
1530 290 1727 345 στάσιμα,
1750 288 1863 345 'qua‘

268 355 374 400 Mar.
397 356 559 399 Victon
582 359 605 398 7
611 358 651 410 6,
668 358 724 398 28
754 360 800 398 et
831 357 906 409 77,
923 357 978 398 10
1003 356 1130 397 Accii
1154 355 1378 410 periodum
1407 354 1523 397 illam
1553 360 1689 411 vocat,
1713 367 1847 412 quam·

268 421 478 480 descripsi
497 437 590 480 pag.
612 424 668 467 32
681 424 724 480 ⁸).
756 423 836 467 His
859 422 990 467 rebus
1015 424 1117 467 satis
1137 426 1312 480 apparet
1330 425 1610 479 systematum
1631 432 1741 480 quae
1761 416 1845 469 nos

268 491 454 534 dicimus
469 493 833 548 anapaesticorum
851 493 1045 534 naturam
1062 491 1368 535 Alexandrinis
1383 504 1469 535 non
1485 492 1674 547 ignotam
1693 494 1840 549 fuisse.
1890 539 1892 542 ,

413 561 682 604 Accedamus
699 560 751 603 ad
771 560 930 602 formas
947 561 1227 616 catalecticas,
1247 573 1354 615 quas
1375 572 1470 603 esse
1485 564 1564 602 sex
1575 560 1861 620 ,Hephaestio--

269 628 394 679 docet
431 629 499 682 24,
523 627 762 670 15—1902
801 628 880 673 εἰσὶ
916 630 965 671 δὲ
995 629 1128 672 αὐτοῦ
1161 629 1387 682 ἀποθέσεις
1424 630 1468 673 ἓξ
1498 630 1604 672 κατὰ
1634 631 1845 680 συζυγίαν·

267 697 584 749 διαιρουμένου·
605 696 974 750 υπερκατάληκτος
999 697 1059 750 εἰς
1080 699 1355 752 δισύλλαβον,
1387 697 1752 750 ὑπερκατάληκτος
1780 699 1846 749 εἰς

268 764 493 817 συλλαβήν,
518 764 819 818 ἀκατάληκτος,
851 768 1120 817 καταληκτική
1159 766 1218 817 εἰς
1254 767 1530 819 δισύλλαβον,
1567 766 1840 817 καταληκτική

267 831 326 884 εἰς
363 833 593 887 συλλαβήν,
632 833 1036 886 βραχυκατάληκτος.
1078 833 1236 876 Tamen
1276 834 1382 875 mihi
1422 833 1599 875 dubium
1638 846 1724 875 non
1762 837 1843 886 est,

267 900 371 952 quin
393 899 682 941 Alexandrini
713 901 796 941 viri
825 892 951 954 docti,
981 901 1018 942 si
1048 901 1132 956 ipsi
1159 901 1235 943 has
1259 900 1417 944 formas
1442 913 1590 944 omnes
1616 912 1837 944 enumera-

209 981 213 985 ·
265 971 434 1022 verunt,
474 981 566 1011 eam
606 969 738 1011 solam
775 969 919 1012 fusius
952 971 1239 1024 tractaverint,
1278 983 1407 1024 quam
1444 971 1740 1022 καταληκτικήν
1767 971 1844 1022 εἰς.

267 1038 482 1089 συλλαβὴν
519 1036 781 1092 Hephaestio
818 1034 1063 1092 appellavit,
1103 1037 1262 1093 quippe
1303 1051 1439 1092 quam,
1468 1037 1600 1080 solam
1638 1051 1663 1079 a
1699 1038 1839 1093 poetis

264 1105 416 1159 lyricis
454 1105 714 1160 tragicisque
756 1106 915 1160 passim
955 1106 1187 1148 adhibitam
1230 1107 1485 1148 invenerint.
1530 1106 1648 1157 Quae
1694 1106 1838 1160 opinio

265 1173 546 1215 confirmatur
582 1185 632 1215 ea
668 1186 726 1227 re,
764 1173 879 1227 quod
909 1173 1169 1228 Hephaestio
1201 1177 1244 1216 et
1264 1173 1443 1216 >Marius
1469 1173 1728 1227 Victorinus,
1761 1174 1837 1228 qui
1910 1197 1918 1203 κ

263 1240 343 1282 soli
369 1240 605 1282 doctrinam
630 1240 969 1282 Alexandrinam
993 1241 1269 1296 integriorem
1294 1242 1585 1295 servaverunt,
1611 1241 1731 1295 nulla
1753 1241 1840 1282 alia

263 1307 461 1362 exempla
499 1307 700 1358 afferunt,
739 1308 824 1351 nisi
864 1309 1120 1362 paroemiaci
1163 1312 1206 1351 et
1235 1309 1540 1363 Aristophanei
1577 1312 1619 1350 et
1652 1309 1834 1351 trimetri

262 1375 512 1428 catalectici,
534 1388 664 1429 quem
689 1375 950 1430 Hephaestio
978 1389 1003 1417 a
1027 1376 1158 1418 Simia
1182 1376 1350 1418 Rhodio
1376 1377 1554 1435 stichice
1579 1379 1834 1432 usurpatum

260 1443 346 1497 (26,
369 1443 545 1485 14-16
557 1442 660 1498 G)·⁹),
686 1442 850 1486 Marius
866 1443 1116 1486 Victorinus
1136 1443 1188 1486 ab
1210 1444 1419 1487 Alcmane
1439 1445 1576 1500 primo
1595 1443 1833 1486 adhibitum

261 1523 356 1553 esse
387 1510 495 1553 dicit
523 1510 614 1564 (GL
630 1511 738 1552 V127
746 1513 783 1565 7,
802 1511 1003 1566 14—31).
1037 1511 1159 1562 Quod
1190 1512 1342 1554 attinet
1372 1512 1426 1553 ad
1456 1511 1644 1566 reliquas
1677 1511 1837 1554 formas

262 1578 469 1633 quinque,
494 1592 582 1620 non
606 1578 734 1621 facile
760 1578 987 1621 diiudicari
1010 1581 1163 1634 potest,
1190 1583 1333 1620 utrum
1363 1579 1646 1621 Alexandrini
1674 1579 1836 1621 formas

262 1647 467 1700 quasdam
505 1646 674 1700 lyricas
704 1658 814 1700 quae
845 1648 1169 1701 anapaestorum
1201 1646 1525 1689 similitudinem
1562 1645 1835 1702 praebebant,

261 1727 338 1768 pro
370 1715 651 1769 anapaesticis
682 1714 877 1757 versibus
909 1711 1169 1757 catalecticis
1202 1714 1440 1768 habuerint,
1473 1728 1527 1756 an
1558 1727 1630 1756 eas
1667 1716 1835 1757 tantum

260 1782 429 1835 formas,
461 1794 570 1835 quae
602 1781 874 1824 catalecticae
903 1781 1080 1823 formari
1116 1783 1301 1836 possent,
1341 1782 1696 1824 enumeraverint.
1735 1781 1834 1824 Non

259 1849 386 1892 facile
427 1849 541 1897 docti
578 1849 661 1890 viri
691 1849 978 1892 Alexandrini
1016 1858 1203 1892 errorem
1242 1849 1562 1892 committebant
1600 1850 1647 1890 in
1683 1850 1834 1893 formis

406 1947 450 2036 ’ἐ
453 1946 546 1983 Vide
563 1957 637 1992 quo
654 1946 967 1992 modoWestphal
984 1947 1148 2000 στάσιμα
1158 1957 1289 1983 vocem
1306 1934 1573 1992 interpretatus
1591 1946 1639 1982 sit
1653 1957 1734 1992 pag.
1751 1946 1834 1991 183,

261 2003 391 2036 annet
407 2057 434 2102 ⁹)
459 2057 638 2101 Exemplo
656 2056 810 2101 Graeco,
836 2057 935 2102 quod
960 2056 1109 2093 codices
1135 2056 1321 2101 exhibent,
1348 2056 1380 2092 si
1403 2056 1645 2102 anapaestice
1666 2055 1834 2101 digerere

261 2113 467 2164 studemus,
493 2112 630 2148 desunt
656 2114 720 2148 aut
745 2113 841 2149 duae
867 2113 1034 2159 syllabae
1059 2113 1195 2149 breves
1220 2115 1285 2148 aut
1309 2123 1387 2148 una
1410 2113 1544 2157 longa:

625 2167 760 2205 ,ἱστία
784 2168 891 2214 ἁγνά,
917 2169 981 2205 ἀπ’
1000 2168 1177 2206 εὺξείνων
1205 2169 1299 2212 μέσα
1322 2167 1467 2213 τοίχων

596 2227 755 2258 υ-υ-υυ
797 2225 1446 2273 ,Ιυυ---Ιυυ--

262 2280 356 2319 Sunt
381 2282 444 2329 qui
469 2285 687 2319 contextum
712 2282 951 2327 mutaverint,
982 2285 1024 2318 ut
1048 2283 1290 2318 restituerent
1314 2282 1522 2318 trimetrum
1547 2281 1832 2327 anapaesticum

261 2339 540 2383 catalecticum3
566 2350 634 2385 pro
659 2337 834 2375 εὐξείνων
858 2339 993 2384 legitur
1009 2338 1198 2383 ἐῦξείνων,
1223 2338 1343 2383 Bergk
1359 2347 1427 2383 pro
1445 2337 1507 2372 ἀπ’
1531 2337 1691 2373 coniecit
1714 2337 1747 2373 o'
1762 2337 1831 2373 ἅτ’.

260 2395 389 2442 Neque
406 2406 507 2438 vero,
525 2395 558 2432 si
571 2394 728 2432 verbum
746 2394 907 2442 aliquod,
925 2396 1028 2431 velut
1044 2395 1265 2440 κατέχουσα,
1281 2394 1322 2430 in
1334 2404 1447 2430 versu
1459 2395 1629 2440 proximo
1643 2393 1836 2430 exstitisse

261 2452 518 2498 supponimus,
544 2462 679 2488 sensus
705 2451 904 2496 quicquam
931 2451 1131 2495 desiderat,
1156 2448 1279 2496 neque
1303 2451 1382 2486 ulla
1407 2449 1623 2485 coniectura
1648 2459 1743 2495 opus
1761 2451 1833 2493 est,

260 2507 294 2543 si
311 2507 494 2553 dactylico
511 2518 662 2544 versum
679 2506 901 2553 digerimus:
919 2520 1402 2546 „re-u-rwuL-ssuuss-.
1433 2505 1622 2542 Habemus
1638 2507 1833 2552 pentame-

259 2567 358 2600 trum
384 2563 611 2611 dactylicum
637 2563 908 2610 catalecticum,
941 2575 987 2600 ex
1012 2574 1085 2610 quo
1114 2562 1269 2599 Simiam
1293 2562 1480 2600 Rhodium
1505 2561 1674 2599 carmina
1707 2560 1837 2597 conse&

261 2620 359 2657 cisse
390 2621 618 2666 Hephaestio
651 2622 813 2656 testatur
843 2621 900 2665 21,
920 2616 1072 2665 10-12,
1106 2620 1278 2666 exemplo
1311 2618 1418 2655 nisus
1451 2618 1542 2655 hoc:
1577 2620 1693 2663 χαῖρε,
1729 2618 1830 2662 ἄναξ,

262 2678 371 2721 ἕταρε
399 2677 531 2720 Ζαθέας
558 2677 679 2721 μάκαρ
706 2677 805 2720 ἥβας.
855 2676 945 2712 Mihi
976 2677 1127 2723 quidem
1157 2686 1291 2712 versus
1322 2686 1433 2721 quem
1456 2674 1613 2721 legimus
1638 2673 1760 2719 26,16
1785 2684 1832 2710 ex

260 2732 427 2770 carmine
453 2732 640 2779 dactylico
665 2732 906 2779 depromptus
929 2732 1076 2769 videtur
1101 2743 1196 2777 esse,
1222 2743 1343 2778 neque
1368 2742 1458 2767 vero
1483 2732 1531 2767 ab
1555 2730 1831 2777 Hephaestione

259 2790 354 2835 ipso,
379 2791 421 2825 ut
446 2789 508 2834 qui
525 2789 571 2826 de
589 2788 844 2834 anapaesticis
861 2789 1032 2824 versibus
1049 2791 1187 2834 ageret,
1213 2788 1281 2823 sed
1298 2799 1322 2823 a
1339 2788 1464 2822 scriba
1481 2787 1618 2832 aliquo,
1644 2786 1719 2831 qui,
1745 2795 1831 2821 cum

260 2845 472 2892 exemplum
496 2845 639 2882 formae
664 2844 931 2891 anapaesticae
956 2844 1197 2889 desideraret,
1223 2843 1331 2889 falso,
1357 2842 1438 2880 sive
1464 2843 1563 2890 quod
1588 2853 1668 2878 rem
1693 2841 1739 2878 de
1757 2852 1833 2906 qua

260 2902 382 2948 agitur
404 2902 607 2948 neglegens
632 2901 776 2938 nomini
800 2901 1061 2937 tantummodo
1078 2900 1217 2937 Simiae
1242 2900 1427 2936 rationem
1442 2899 1619 2943 habebat,
1631 2898 1726 2934 sive
1743 2898 1833 2971 quia.

259 2959 431 3005 dactylos
455 2968 523 3004 pro
549 2957 767 3004 anapaestis
792 2957 966 3003 habebat,
993 2957 1159 2993 alienum
1184 2966 1334 2993 versum
1360 2954 1570 3002 adscripsit.
1697 2962 1700 2965 ⁴
