2041 3293
910 176 971 184 ...
1033 121 1302 196 78⁴—·.

393 280 492 337 Iam
501 293 552 324 ea
563 280 837 337 colligamus,
835 295 953 338 quae
963 284 1254 339 recentiorum
1264 285 1505 341 temporum
1515 284 1759 349 scriptores
1757 298 1846 331 me-
1888 289 1897 296 *
1929 324 1933 330 .
1946 285 1957 299 ”

134 331 136 333 ’
227 400 230 404 ,
270 316 372 391 ιιιοι
381 347 436 392 de
444 349 685 405 anapaestis
697 349 911 404 dixerunt,
920 363 1007 410 qna
1016 363 1063 394 re
1074 352 1278 395 universa
1286 341 1846 414 studiametricapoetarum
1903 365 1909 391 κ

130 430 131 433 ’
275 417 332 503 et
348 415 612 461 Graecorum
643 420 688 461 et
709 417 988 473 Latinorum,
1005 419 1080 473 qui
1109 423 1221 462 tum
1228 422 1386 474 erant,
1395 419 1522 507 plane
1546 422 1697 476 aperta
1724 421 1845 465 fient.
1914 443 1919 454 ·

949 530 1101 589 caput
1122 531 1181 579 V·-

273 612 475 657 Metrici
505 614 793 671 scriptores
817 615 1160 673 recentiorum
1189 619 1472 674 temporum
1498 616 1845 662 Alexandri-ni

319 686 323 690 ’
489 687 538 728 οι
560 683 731 729 Stoici
767 685 890 742 quid
926 686 986 729 de
1018 688 1315 743 anapaestis
1345 687 1651 732 docueri-nt.-

261 790 265 793 ,
415 761 684 810 Recentioris
713 763 865 807 aetatis
895 763 1135 806 enchiridia
1163 765 1355 820 metrica,
1392 765 1569 821 quibus
1578 764 1689 809 solis·
1703 776 1844 821 purae
1870 745 1877 758 Ι
1912 738 1915 742 V

272 821 494 878 doctrinae
524 831 728 874 metricae
753 831 931 886 vestigia
954 831 1079 874 nobis
1101 830 1343 887 traduntur,
1369 843 1579 876 novorum
1603 833 1844 888 temporum

272 897 625 940 commutationes
654 909 744 940 non
768 910 933 961 paucas
956 898 1184 954 praebent,
1215 899 1377 955 quippe
1399 912 1522 955 quae,
1551 899 1629 943 ubi
1651 899 1846 943 Alexan·
1913 900 1920 940 ἴ
2026 899 2032 906 ’

272 965 438 1008 drinam
459 965 732 1021 disciplinam
750 965 950 1019 reddunt,
977 965 1096 1022 leges
1117 967 1284 1010 veteres
1308 970 1437 1022 atque
1455 965 1590 1010 bonas
1608 980 1695 1010 non
1715 967 1843 1011 modo

271 1045 359 1076 non
398 1034 602 1088 integras,
630 1032 730 1077 sed
755 1033 885 1078 efiam
923 1033 1172 1090 depravatas
1211 1034 1455 1089 praebeant,
1494 1034 1572 1078 ubi·
1601 1034 1839 1087 Stoicorum

263 1102 500 1156 >praecepta
539 1099 755 1155 exhibent,
796 1101 844 1143 in
874 1102 1175 1144 *recentiorum
1217 1102 1440 1158 poetarum
1482 1101 1623 1144 studia
1666 1102 1842 1145 metrica

271 1172 581 1225 nonnunquam
611 1167 854 1224 respiciant.
897 1169 1012 1221 Quas
1042 1170 1395 1212 commutationes
1419 1172 1464 1212 et
1485 1164 1735 1212 novationes
1759 1169 1842 1212 hoc

271 1232 719 1300 &prieti-ambimus.-
750 1236 875 1287 Qua
863 1250 909 1278 m
932 1250 980 1280 re
997 1250 1103 1280 cum
1125 1236 1178 1280 de
1200 1236 1447 1287 auctoribus
1467 1248 1677 1291 quaerere
1692 1248 1842 1291 super-

272 1315 508 1347 vacaneum
539 1304 611 1356 sit,
638 1303 692 1347 de
724 1304 1003 1361 scriptoribus
1035 1304 1221 1347 metricis
1250 1304 1366 1358 ipsis,
1398 1316 1482 1359 quo
1508 1303 1641 1346 modo
1657 1303 1770 1347 inter
1793 1317 1841 1346 se

271 1371 529 1415 cohaereant
558 1372 604 1414 et
626 1369 733 1425 quid
762 1371 872 1414 alter
898 1371 1020 1414 alteri
1046 1370 1210 1425 debeat,
1239 1372 1290 1414 ut
1313 1384 1403 1426 cap.
1423 1371 1468 1413 H
1491 1383 1579 1413 non
1603 1370 1839 1426 disputabo,

269 1438 522 1494 praesertim
529 1449 629 1482 cum
637 1450 738 1480 novi
725 1438 855 1481 nihil
861 1437 1020 1481 addere
1026 1439 1196 1495 possim.
1207 1437 1318 1481 Satis
1324 1437 1576 1493 habebo‚ubi
1583 1438 1840 1493 scriptorum
1851 1484 1857 1491 ‚

270 1507 548 1550 metricorum
569 1505 700 1549 verba
723 1506 882 1549 afferre
907 1519 1045 1562 cogar,
1076 1506 1241 1550 nomini
1264 1507 1660 1562 grammaticorum,
1677 1507 1720 1549 si·
1738 1506 1840 1551 fieri

269 1574 434 1631 poterit,
466 1586 552 1630 quo
583 1574 768 1628 quisque
799 1586 857 1616 ex
886 1574 1005 1617 fonte
1036 1573 1215 1629 hauriat,
1253 1573 1379 1617 uncis
1409 1573 1624 1617 inclusum
1654 1573 1836 1617 adicere.

414 1641 583 1692 Quibus
601 1641 735 1684 rebus
754 1642 1010 1696 praepositis
1029 1642 1115 1684 iam
1137 1641 1190 1684 ad
1211 1642 1347 1697 ipsam
1365 1641 1600 1684 doctrinam
1617 1642 1835 1685 metricam

269 1721 350 1752 nos
358 1710 668 1764 convertamus,
678 1712 890 1764 qnatenus
900 1709 953 1752 ad
966 1712 1292 1765 anapaestorum
1303 1707 1625 1752 condendorum
1630 1709 1838 1753 rationem

269 1778 443 1832 spectat.
491 1779 558 1820 Ac
587 1777 774 1832 primum
805 1777 991 1831 quidem,
1022 1780 1072 1821 ut
1100 1778 1238 1832 capite
1269 1778 1414 1832 altero,
1446 1776 1501 1819 de
1529 1776 1839 1820 Alexandrinis

269 1857 404 1901 agam,
435 1846 528 1887 tum
558 1843 612 1887 de
645 1843 811 1887 Stoicis.

323 1943 353 1950 <—
414 1912 507 1956 Lex
547 1913 632 1967 illa,
676 1925 760 1967 qua
801 1914 846 1954 in
887 1913 1032 1967 priore
1074 1911 1367 1957 tantummodo
1410 1913 1537 1955 metri
1579 1913 1838 1987 anapaestici

269 1984 404 2037 parte
421 1980 616 2044 dactylo·
612 1980 746 2023 ¹locus
770 1992 1027 2023 concessus
1023 1981 1101 2024 est
1123 1980 1232 2036 (pag.
1254 1980 1340 2034 31,)
1361 1992 1628 2035 quamquam
1652 1993 1678 2022 a
1700 1979 1839 2036 poetis

270 2049 532 2103 observatur,
546 2050 690 2091 tamen
707 2048 822 2103 apud
838 2048 1067 2102 scriptores
1083 2048 1283 2090 metricos
1297 2048 1584 2090 recentiorum
1595 2049 1838 2102 temporum

271 2116 485 2159 oblivione
500 2114 652 2158 obruta
661 2117 737 2158 est.
769 2114 898 2157 Nulla
914 2115 1027 2157 enim
1045 2116 1138 2158 eius
1152 2114 1497 2158 commemoratio
1510 2113 1625 2170 apud
1637 2115 1838 2158 metricos
1893 2158 1898 2164 ,

271 2197 328 2227 ex
371 2175 665 2227 Alexandrina
706 2183 872 2226 schola
893 2183 1146 2238 pendentes,
1190 2183 1266 2237 qui
1308 2181 1482 2236 quidem
1525 2181 1580 2224 ad
1621 2195 1700 2224 nos
1741 2195 1840 2238 per,—

268 2255 493 2306 venerunt,
523 2253 674 2295 exstat.
720 2249 845 2302 Quod
875 2251 970 2294 iure
1000 2250 1180 2305 mireris,
1212 2263 1311 2293 cum
1341 2248 1504 2292 scholio
1534 2248 1608 2292 illo
1639 2249 1838 2306 Hephae-

268 2321 435 2364 stioneo
455 2321 562 2374 (pag.
581 2320 676 2373 131,
698 2320 756 2362 20
777 2331 868 2373 sqq.
889 2318 934 2373 G,
959 2318 1059 2361 vide
1080 2331 1168 2373 cap.
1189 2318 1245 2371 11,
1269 2330 1363 2373 pag.
1386 2317 1458 2371 31)
1475 2316 1687 2372 probetur
1697 2317 1836 2372 legem

264 2388 401 2431 'istam'
425 2385 473 2429 re
503 2398 608 2428 vera
637 2385 688 2428 ab
719 2385 1028 2429 Alexandrinis
1057 2386 1193 2428 fuisse
1225 2384 1511 2438 constitutam,
1550 2383 1750 2439 idemque
1782 2389 1837 2428 ex

269 2453 594 2498 enumeratione
619 2452 863 2508 formarum,
895 2465 1005 2508 quae
1029 2465 1106 2509 pro
1132 2451 1371 2508 anapaestis
1401 2450 1669 2507 adhibentur,
1694 2451 1838 2508 colligi

267 2524 424 2580 possit3
466 2535 595 2578 quam
637 2522 846 2577 integram
886 2525 1169 2565 servaverunt
1199 2522 1243 2564 1ιι
1273 2521 1379 2563 loci:
1396 2523 1400 2527 '
1420 2520 1562 2564 schol.v
1576 2520 1715 2576 Heph.
1737 2520 1838 2574 275,

270 2592 447 2635 15—18
464 2590 497 2634 C
528 2592 598 2646 (-==
618 2588 916 2645 Heliodorus):
954 2591 1005 2633 τὸ
1038 2591 1087 2633 δὲ
1116 2589 1425 2633 ἀναπαισακὸν
1513 2621 1523 2630 .
1555 2588 1661 2632 κατὰ
1689 2589 1837 2632 πᾶσαν

269 2662 417 2713 χώραν
456 2660 619 2712 δέχεται
657 2657 909 2710 ἀδιαφόρως
951 2660 1183 2701 σπονδεῖον
1219 2657 1288 2699 καὶ
1324 2656 1603 2710 ἀνάπαιστον,
1643 2656 1837 2707 σπανίως
1909 2668 1911 2672 ’
1961 2685 1969 2692 .

269 2729 339 2772 δὲ
349 2724 776 2784 προκελευσματικόν,
815 2725 943 2777 παρὰ
969 2727 1017 2769 δὲ
1051 2727 1141 2779 τοῖς
1179 2726 1514 2781 δραματοποιοις
1550 2722 1633 2781 [καὶ
1666 2714 1836 2780 ἴαμβον]

214 2789 216 2794 ’
269 2797 337 2839 καὶ
359 2797 579 2848 δάκτυλον,
602 2797 646 2837 et
663 2793 766 2849 fgm.
781 2793 885 2835 Bob.
908 2793 983 2836 GL
996 2793 1060 2836 VI
1077 2793 1176 2848 624,
1199 2793 1254 2834 23
1277 2805 1350 2847 sq.
1354 2790 1844 2847 (Juba==Heliodorus):

259 2865 575 2923 'anapaesticum
617 2866 793 2906 metrum
833 2866 988 2906 constat
1023 2866 1243 2922 anapaesto
1272 2865 1309 2904 et
1338 2860 1509 2918 spondio
1538 2858 1855 2916 indiffamata,-
1941 2826 1973 2912 sl>

263 2938 306 2976 et
334 2930 533 2976 solutione
568 2927 794 2988 anapaesti,
824 2930 1160 2987 proceleumatico
1194 2929 1296 2986 pede
1325 2933 1363 2972 et
1391 2928 1563 2986 dactylo.
1595 2926 1837 2988 ⁸Utramque
2003 2925 2041 3000 ²3-
