2041 3293
930 165 1225 207 ..46-

636 297 738 339 κλύε
769 299 864 340 σῶν
890 295 1020 348 ἱερῶν
1052 295 1252 349 μερόπων
1283 296 1454 348 ἐνοπάς,

637 364 742 426 μέγα
774 364 857 406 σὸν
889 364 1057 418 κράτος,
1088 363 1326 417 ὀλβιόφρον
1349 364 1573 419 Ποδάγρα,

518 432 601 474 195
633 432 711 475 τὰν
743 433 809 474 καὶ
828 433 953 485 Διὸς
984 433 1072 476 ὠκὺ
1104 432 1280 490 πέφρικέ
1312 433 1447 487 βέλος,

634 502 802 554 τρομέει
834 501 881 542 δέ
913 510 966 544 σε
998 499 1148 553 κύμαθ’
1171 500 1273 551 ἁλὸς
1305 493 1471 555 βὐθίας,

635 570 802 622 τρομέει
834 570 1034 621 βασιλεὺς
1065 569 1225 621 ἐνέρων
1256 568 1398 623 Ἀίδας,

635 637 981 691 ἑπιδεσμοχαρές,
1013 638 1375 692 κατακλινοβατές,

634 705 950 759 κωλυσιδρὸμα,
983 705 1383 759 βασαναστραγάλα,

515 773 601 814 200
635 773 1042 827 σφυροπρησιπύρα,
1074 773 1424 839 μογισαψεδάφα,

581 845 585 848 ’
634 840 942 894 δοιδυκοφόβα,
973 842 1404 895 γονυκαυσαγρύπνα,

632 909 1142 961 περικονδυλοπωροφίλα
1151 909 1215 962 ¹⁴),

631 976 1051 1029 γονυκαμψεπίκυρτε
1082 976 1305 1029 Ποδάγρα.

284 1056 552 1110 Anapaestos
583 1055 710 1097 etiam
744 1055 930 1108 hymnus
956 1054 1015 1104 εἰς
1038 1054 1160 1097 Θέτιν
1181 1053 1355 1109 praebet
1375 1067 1400 1096 a
1420 1054 1675 1098 Philostrato
1697 1056 1854 1099 heroic.

286 1124 369 1165 741
404 1122 588 1165 traditus
601 1123 674 1175 1«”>);

633 1192 728 1233 Θέτι
760 1191 927 1245 κυανέα,
961 1190 1058 1232 Θέτι
1089 1183 1260 1243 Πηλεία,

632 1260 762 1310 μέγαν
793 1259 820 1301 ἂ
849 1259 966 1309 τέκες
997 1258 1088 1301 υἱὸν
1118 1258 1317 1310 Ἀχιλλέα·
1338 1262 1417 1301 τοῦ

633 1328 765 1369 θνατὰ
796 1329 871 1378 μὲν
903 1325 1016 1368 ὅσον
1047 1327 1181 1378 φύσις
1211 1327 1398 1380 ἤνεγκεν,

632 1394 764 1446 Τροία
794 1391 903 1448 λάχε,
935 1396 1019 1446 σᾶς
1051 1393 1089 1435 δ’
1111 1393 1222 1436 ὅσον
1254 1394 1468 1437 ἀθανάτου

572 1464 597 1503 5
630 1465 779 1513 γενεᾶς
804 1464 908 1514 ’παῖς
939 1462 1117 1515 ἔσπασε,
1148 1462 1323 1514 Πόντος
1354 1464 1456 1515 ἔχει·

631 1533 745 1583 βαῖνε
775 1532 887 1583 πρὸς
917 1531 1042 1574 αἰπὺν
1072 1529 1200 1573 τόνδε
1231 1532 1427 1573 κολωνὸν

631 1598 718 1651 μετ’
738 1598 953 1652 Ἀχιλλέως
984 1598 1157 1652 ἔμπυρα,
1191 1601 1307 1650 βαῖνε
1338 1599 1474 1651 γόους

628 1667 917 1720 εὐδακρύτους
949 1668 1052 1719 μέτα
1084 1667 1341 1719 Θεσσαλίας,

629 1736 724 1778 Θέτι
755 1735 922 1788 κυανέα,
955 1735 1051 1777 Θέτι
1081 1734 1247 1786 Πηλεία.

426 1811 747 1867 Componebant
785 1812 918 1865 igitur
953 1811 1142 1853 secundo
1175 1814 1217 1853 et
1248 1813 1372 1872 tertio
1405 1814 1576 1855 saeculo
1610 1813 1851 1855 Christiano

279 1884 430 1937 poetae
445 1880 598 1924 Graeci
608 1880 798 1924 carmina
806 1879 1088 1935 anapaestica,
1103 1893 1211 1935 quae
1228 1881 1504 1924 continebant
1514 1881 1716 1924 dimetros
1725 1881 1849 1925 Euri-

279 1949 429 2004 pideos
460 1949 622 1991 formae
645 1962 1031 1993 π,σῡ-π-ῦῖ-
1053 1955 1095 1990 et
1121 1952 1405 1991 monometros
1431 1950 1594 1992 formae
1616 1962 1850 1995 azzon-.

279 2018 373 2062 Hae
397 2019 560 2062 formae
586 2031 683 2062 cum
711 2031 858 2061 omnes
882 2031 960 2074 per
975 2017 1234 2073 synaphiam
1256 2030 1475 2061 connexae
1496 2018 1668 2074 fuerint,
1694 2019 1849 2087 hyper-

279 2091 415 2130 metra
446 2088 714 2142 anapaestico.
745 2099 816 2128 eas
847 2086 1059 2142 appellare
1089 2087 1201 2128 licet.

1896 28 1900 31 .
1880 0 1904 6 ἑ

1912 108 1915 112 ’
1908 0 1941 66 ,ξ’-ἢ

1989 130 1993 133 ,
1932 0 1994 78 :53³3

421 2155 704 2198 Transeamus
729 2155 783 2198 ad
809 2167 962 2200 earum
978 2155 1211 2197 formarum
1234 2156 1539 2209 tractationem,
1572 2168 1677 2209 quas
1701 2159 1849 2211 poetae
1925 2185 1929 2189 -

427 2279 470 2325 ¹⁴)
493 2279 600 2315 Hunc
617 2289 770 2316 versum
789 2278 987 2314 dimetrum
1003 2278 1371 2325 brachycatalectum
1384 2278 1626 2315 Alexandrini
1643 2280 1845 2324 vocabant;

278 2336 323 2372 cf.
343 2346 425 2381 cap.
444 2336 475 2371 II
499 2346 581 2381 pag.
599 2335 667 2380 353
694 2335 780 2372 vide
806 2334 918 2370 etiam
942 2335 1040 2371 infra
1064 2346 1147 2380 pag.
1164 2335 1223 2370 49.

421 2392 468 2437 ¹⁶)
493 2391 741 2437 Apparatum
751 2391 919 2428 criticum
944 2391 1064 2437 Bergk
1089 2391 1244 2436 praebet
1265 2391 1348 2437 Lyr.
1367 2391 1426 2427 Gr.
1443 2391 1515 2426 111⁴
1531 2391 1602 2426 687
1615 2402 1669 2437 sq.
1697 2410 1742 2417 —
1760 2391 1808 2427 ‘V-
1825 2393 1867 2433 2,

275 2449 345 2484 τὸν
383 2449 499 2491 μέγαν
533 2448 654 2490 ἔτεκες
684 2447 788 2491 υῑὸνς
819 2448 887 2482 τόν
917 2446 1065 2491 seclusi,
1099 2447 1123 2482 ἃ
1147 2446 1285 2482 addidi.
1313 2467 1357 2473 —
1383 2447 1422 2484 V.
1445 2447 1469 2483 8
1485 2458 1539 2493 sq.
1569 2448 1644 2490 μετ’
1662 2447 1849 2492 Ἀχιλλέως

278 2506 428 2549 ἔμπυρα
445 2491 761 2548 βαινεθδάκρυτος
781 2504 871 2546 μετὰ
888 2502 1094 2545 Θεσσαλίας
1118 2502 1224 2539 codd.
1262 2503 1339 2540 Viri
1363 2503 1462 2540 docti
1490 2505 1582 2546 μετὰ
1607 2515 1692 2540 cum
1706 2505 1848 2540 Θεσσα·

276 2561 352 2605 λίας
370 2561 641 2607 coniungentes
659 2559 748 2607 quid
764 2560 860 2596 haec
876 2560 993 2597 verba
1009 2559 1262 2607 significarent
1278 2570 1356 2596 non
1372 2559 1649 2606 intellegebant.
1685 2559 1847 2597 Difficul-

275 2620 373 2655 tates
399 2617 605 2664 praebebat
629 2619 666 2654 et
691 2606 931 2662 εὖδάκρυτος.
968 2616 1150 2664 Equidem
1175 2616 1355 2654 dimetros
1371 2617 1623 2654 restituendos
1641 2628 1725 2654 esse
1744 2620 1848 2654 ratus

279 2676 371 2716 μετὰ
394 2685 471 2711 non
487 2675 537 2711 ad
555 2673 760 2717 Θεσσαλίας
785 2673 906 2710 redire
923 2668 1147 2718 existimavi,
1165 2673 1234 2710 sed
1250 2673 1299 2710 ad
1316 2674 1483 2720 aliquem
1495 2674 1764 2718 accusativum,
1782 2674 1846 2720 qui

274 2730 470 2776 indicaret,
488 2741 562 2777 quo
579 2731 634 2767 ire
651 2730 779 2767 Thetis
798 2729 997 2767 iuberetur.
1022 2730 1152 2777 ltaque
1168 2733 1254 2777 post
1268 2732 1368 2774 βαῖνε
1381 2731 1550 2777 supplevi
1562 2731 1686 2776 γόους,
1704 2730 1847 2767 mutavi

275 2788 504 2831 εὐδάκρυτος
528 2787 568 2823 in
593 2787 856 2832 εὐδακρύτους,
884 2798 968 2822 cum
998 2788 1071 2823 hoc
1095 2786 1326 2823 adiectivum
1356 2798 1424 2832 pro
1449 2787 1642 2831 δακρυόεις
1666 2787 1737 2822 hoc
1763 2787 1846 2822 loco

274 2842 484 2879 adhibitum
509 2853 595 2879 esse
620 2843 764 2888 opiner,
790 2841 891 2888 quod
916 2853 1000 2877 cum
1025 2843 1116 2885 γόος
1141 2842 1350 2888 composuit
1373 2842 1557 2878 Homerus
1581 2853 1604 2886 ρ
1629 2841 1671 2877 8:
1703 2843 1747 2877 οὐ
1771 2842 1846 2887 γάρ

277 2910 338 2942 μιν
364 2927 372 2935 ,
392 2926 400 2934 .
420 2926 428 2934 .
455 2899 665 2936 παύσεσθαι
683 2898 760 2935 ὀίω
789 2926 797 2934 .
816 2898 1014 2941 ..γόοιό
1038 2909 1080 2934 τε
1105 2899 1366 2942 δακρυόεντος.
1408 2898 1558 2935 Iubetur
1581 2898 1696 2944 igitur
1718 2898 1846 2958 Thetis

273 2955 327 2991 ire
354 2954 403 2990 ad
428 2954 627 2990 Thessalos
653 2965 740 2991 cum
764 2926 932 2991 lacrimis
957 2956 1115 2990 mortem
1130 2953 1293 2990 Achillis
1319 2955 1529 3001 querentes.
