2041 3293
892 118 1067 189 ...¹72
1128 167 1188 178 .-

395 271 488 319 Iam
518 286 544 335 a
573 271 740 322 Seneca
763 273 1024 322 Graecorum
1047 274 1262 321 imitatore
1285 275 1337 330 et
1347 276 1559 319 novatore
1569 274 1723 318 Latino
1742 286 1822 319 nos

254 326 560 394 convertamus
587 345 658 390 ad
664 345 780 401 ipsa
776 345 1045 401 exemplaria
1069 345 1260 408 Graeca,
1274 345 1436 401 quibus
1455 346 1605 401 quales
1626 346 1751 402 leges
1762 346 1822 391 de
1856 345 1875 401 J
1914 378 1917 381 -
2001 317 2012 347 ζ’
2025 339 2035 358 ³

254 412 467 489 synaphia
495 413 751 461 constitutae
779 413 943 458 fuerint
972 426 1029 457 ex
1051 426 1136 470 usu
1159 414 1392 470 Annaeano
1416 414 1723 470 cognovimus·
1755 415 1824 459 -Δο

161 485 186 534 ,’
254 479 443 536 primum
481 480 656 536 quidem
696 479 998 525 difficillimam
1036 468 1157 538 1111111
1195 471 1490 537 quaestionem
1532 481 1822 538 expediamus,

254 552 402 594 utrum
417 553 568 605 poetae
583 547 748 607 Graeci,
771 561 882 605 quos
893 548 1056 609 Seneca
1069 548 1326 605 imitabatur,
1344 552 1632 594 monometros
1644 550 1823 609 stichice

255 629 334 672 per
378 616 660 672 synaphiam
675 618 1000 673 connexum-int,
1046 631 1102 660 111
1147 617 1360 673 dimetros,
1406 617 1562 673 quibus
1605 618 1823 663 interdum

255 685 540 729 monometros
567 684 845 740 inseruerint,
876 685 993 741 quod
1023 685 1077 730 de
1107 685 1272 730 Seneca
1301 685 1448 729 docuit
1475 685 1563 729 Leo
1592 686 1664 741 (cf.
1693 699 1824 742 supra
1891 714 1893 716 -

256 755 398 797 annot.
422 753 474 807 1),
504 765 560 795 an
590 752 864 808 hypermetra
884 753 1145 796 formaverit.
1195 753 1305 797 Mihi
1327 753 1503 809 quidem
1522 765 1591 797 res
1611 754 1657 796 in
1677 753 1823 811 aperto

256 821 428 884 videtur
462 833 556 881 esse
592 824 636 866 et
669 833 732 876 ea,
773 830 884 877 quae
916 835 1006 878 cap.
1031 821 1098 865 111
1127 821 1181 865 de
1217 817 1498 878 anapaesticis
1533 823 1823 875 recentiorum

255 876 494 945 temporum
517 889 668 935 formis
690 889 998 944 intelleximus,
1021 889 1282 945 respicienti,
1306 891 1351 933 et
1374 903 1456 945 91,
1467 902 1577 945 quae
1597 890 1651 933 de
1671 889 1825 934 adonei
1906 922 1911 927 ,

253 969 339 1000 11911
369 958 604 1022 Annaeano
630 956 756 1000 modo
777 957 1070 1012 disseruimus,
1091 957 1296 1000 memoria
1315 958 1491 1000 tenenti.
1536 957 1824 1001 Monoms'tros
1852 985 1857 988 ,
1893 976 1896 981 ·

255 1025 469 1080 stichicos,
489 1025 647 1081 quippe
667 1037 776 1080 quos
796 1025 961 1081 primus
986 1025 1274 1081 composuerit
1293 1024 1490 1068 Clemens
1504 1026 1825 1081 Alexandrinus

255 1097 402 1150 (supra
431 1107 523 1150 pag.
543 1094 601 1137 49
623 1094 711 1150 sq.),
743 1093 932 1138 Senecae
955 1093 1217 1149 exemplaria
1231 1084 1320 1136 non
1334 1093 1633 1137 adhibuerunt.
1665 1093 1749 1137 Sed
1769 1106 1825 1137 ne
1909 1139 1913 1143 J

255 1162 460 1207 dimetros
490 1161 665 1217 quidem
696 1163 842 1217 poetas
862 1161 1047 1205 Graecos
1079 1161 1316 1205 confecisse
1339 1161 1571 1205 verisimile
1592 1166 1678 1219 est3
1710 1161 1825 1218 quod

255 1222 530 1284 911991999111,
561 1229 679 1284 nulle
701 1229 826 1272 modo
847 1228 1024 1272 [atinus
1044 1229 1116 1272 ille
1138 1242 1242 1272 usus
1262 1228 1427 1284 adonei,
1458 1242 1543 1284 quo
1568 1232 1617 1272 ut
1636 1229 1827 1272 clausula

256 1298 364 1342 haec
393 1297 530 1341 forma
559 1297 964 1353 comprehensiones
994 1297 1256 1352 terminabat,
1288 1298 1402 1340 oriri·
1419 1298 1639 1353 potuisset.
1691 1297 1840 1353 Saepe·

257 1367 371 1410 enim
404 1365 611 1421 adoneus,
641 1365 720 1409 ubi
749 1365 967 1410 clausulae
998 1366 1091 1410 sine
1122 1366 1251 1410 dubio
1283 1380 1462 1411 munere
1497 1367 1703 1424 fungitur,
1739 1367 1827 1423 pri-

258 1448 376 1480 orem
407 1426 579 1478 dimetri
607 1434 752 1478 locum
781 1436 982 1490 tenet²⁸);
1015 1435 1248 1478 clausulam
1281 1438 1423 1478 autem
1452 1437 1499 1477 in
1529 1436 1670 1478 medio
1696 1444 1826 1478 versu

258 1503 453 1547 adhiberi
475 1514 601 1558 posse
624 1502 662 1545 si
686 1502 784 1557 quis
808 1503 940 1558 putat,
965 1503 1134 1546 insanit.
1176 1503 1326 1558 Itaque
1350 1503 1514 1546 nemini
1534 1503 1718 1546 dubium
1734 1503 1825 1558 erit,

259 1571 364 1625 quin
388 1574 539 1625 poetae
560 1570 725 1623 Graeci,
756 1583 864 1624 quos
885 1570 1049 1612 Seneca
1068 1570 1325 1624 imitabatur,
1357 1572 1643 1626 hypermetra
1657 1583 1826 1626 compo-

258 1638 425 1682 suerint
460 1649 484 1680 e
515 1638 662 1680 metris
699 1636 981 1692 anapaesticis
1016 1636 1250 1680 formarum
1282 1636 1546 1680 afflet-w.
1599 1637 1722 1689 Quod
1753 1639 1827 1693 qui

256 1718 506 1761 persuasum
538 1704 723 1759 habebit,
753 1704 973 1760 intelleget
1003 1707 1047 1747 et
1076 1718 1161 1759 quo
1192 1706 1319 1748 modo
1348 1706 1420 1749 lex
1450 1706 1537 1748 illa
1543 1706 1706 1749 Graeca
1725 1707 1828 1748 oriri

257 1773 455 1829 potuerit,
492 1785 602 1828 quae
638 1772 844 1827 syllabam
881 1772 1111 1828 ancipitem
1147 1773 1365 1816 hiatumve
1401 1774 1486 1816 nisi
1516 1774 1563 1816 in
1592 1774 1683 1816 fine
1714 1787 1828 1817 com-

258 1841 508 1897 plexionum
547 1839 740 1883 adhiberi
780 1840 961 1895 vetabat,
1003 1841 1046 1883 91
1084 1853 1191 1883 usus
1232 1840 1386 1884 adonei
1422 1833 1699 1896 Annaeanus,
1741 1854 1827 1896 quo

259 1910 366 1953 haec
395 1908 534 1952 forma
562 1912 612 1951 ut
641 1908 833 1952 clausula
861 1908 993 1953 finem
1025 1909 1415 1965 comprehensionis
1446 1909 1726 1965 significabat.

400 1976 524 2021 Duae
554 1979 716 2020 restant
744 1989 825 2031 res,
857 1977 1014 2031 quibus
1035 1975 1222 2030 ⁴peractis
1247 1980 1377 2019 totam
1397 1978 1526 2019 huius
1546 1978 1708 2021 formae
1729 1990 1829 2019 ana-

259 2044 471 2099 paesticae
489 2044 686 2086 naturam
706 2046 852 2086 notam
871 2041 1134 2085 habebimus.
1165 2042 1474 2098 Inquirendum
1491 2046 1606 2088 enim
1628 2049 1703 2099 991,
1724 2058 1829 2087 1111111

261 2112 424 2154 Graeca
452 2112 582 2154 huius
613 2123 719 2153 usus
748 2113 1025 2152 monumenta
1055 2112 1235 2165 exstent,
1266 2114 1310 2153 91
1337 2111 1454 2153 unde
1483 2115 1632 2166 poetae
1664 2112 1828 2166 Graeci,
1905 2144 1909 2149 <

262 2191 370 2234 quos
401 2179 563 2223 Seneca
589 2179 780 2221 imitatus
811 2179 886 2233 est,
917 2191 1072 2221 novam
1095 2178 1306 2222 rationem
1331 2178 1650 2234 compositionis
1674 2179 1829 2236 hyper-

261 2247 464 2292 metricae
495 2247 755 2303 sumpserint
783 2246 1142 2301 investigandum.

406 2313 619 2359 Graecum
669 2314 1040 2370 hypermetrorum
1090 2313 1454 2370 anapaesticorum
1504 2317 1828 2358 monumentum

260 2384 441 2427 unicum
471 2384 676 2438 superest,
707 2384 750 2425 et
778 2383 921 2437 ipsum
951 2394 1123 2437 quoque
1152 2381 1578 2431 recentioris-aetatis
1601 2382 1712 2424 mala
1735 2382 1832 2437 imi-

261 2441 422 2495 tatione
454 2452 712 2505 corruptum.
757 2450 957 2493 Julianus
987 2450 1169 2501 enimin
1191 2449 1419 2493 Caesarum
1441 2450 1637 2493 convivio
1647 2451 1701 2505 ²⁹)
1731 2462 1830 2493 can-

261 2521 438 2565 tilenam
469 2520 720 2577 composuit,
751 2520 875 2563 cuius
907 2520 1152 2577 exemplum
1182 2520 1272 2563 erat
1302 2519 1528 2574 canticum,
1559 2532 1644 2574 quo
1675 2530 1829 2577 praeco

260 2601 505 2640 intercedere.
541 2598 745 2645 Praecipue
761 2599 1001 2646 Agamemno,
1028 2599 1220 2646 Thyestes,
1245 2598 1422 2635 Hercules
1445 2597 1609 2636 Oetaeus
1633 2599 1671 2635 et
1694 2597 1832 2635 adonei

262 2669 372 2697 usum
387 2657 638 2697 Annaeauum
656 2657 693 2693 et
708 2655 915 2703 synaphiae
929 2655 1204 2703 neglegentiam
1217 2656 1335 2693 multo
1348 2655 1637 2702 frequentiorem
1649 2652 1832 2700 praebent

263 2717 301 2750 et
332 2714 605 2760 perfectiorem,
639 2722 752 2757 quam
785 2715 935 2749 ceterae
968 2712 1195 2759 tragoediae.
1237 2710 1319 2756 Qua
1343 2710 1391 2749 de
1415 2722 1456 2747 re
1487 2711 1561 2747 1199
1593 2710 1679 2747 1999
1709 2709 1853 2757 11191111Ι

263 2770 449 2812 disserere
480 2770 635 2817 longum
668 2771 736 2813 est,
768 2769 991 2815 praesertim
1024 2779 1110 2806 cum
1139 2779 1217 2806 non
1249 2770 1392 2814 spectet
1425 2767 1476 2804 ad
1505 2767 1688 2835 Graecum
1720 2777 1831 2803 usum

262 2825 1754 2873 intellegendum..

408 2881 453 2928 ⁸⁸)
477 2881 587 2923 Velut
609 2877 1704 2928 Η919.1’111·,1088ςΡ1119ᾱ.844;Α81111.643;Τ11γ.928.

410 2938 457 2985 ¹⁹)
478 2938 648 2976 Julianus
674 2947 746 2974 rec.
771 2936 936 2975 Hertlein
962 2936 1106 2984 187516,
1131 2948 1215 2984 pag.
1231 2937 1447 2975 ios-411.-
