2041 3293
815 206 990 257 ,—65
1058 190 1123 237 -’

178 321 402 393 ,terminari
431 335 658 390 significet.
700 335 800 387 Iam2
823 313 1172 391 c‘uivis‘apertum
1196 325 1288 390 erit,
1320 337 1478 391 quanta
1497 335 1742 379 differentia

180 401 419 461 intercedat
446 404 560 446 inter
573 403 973 459 *pronuntiationem
1005 402 1275 460 adoneorum,
1307 404 1463 460 quibus
1488 404 1557 448 vel
1579 404 1743 460 periodi

167 470 372 528 'integrae
393 472 464 515 vel
485 471 678 514 membra
698 472 1044 527 complexionum
1064 472 1358 528 terminantur,
1389 475 1432 516 et
1451 472 1636 515 adoneos
1656 485 1743 527 eos,

183 540 259 595 qui
289 539 426 587 finem
459 540 700 591 ,hexametri
735 539 1005 584 absolventes
1040 541 1286 595 saepissime
1323 542 1449 583 etiam
1490 541 1744 583 sententiam

185 603 332 650 eiusve
361 610 526 668 partem
556 605 770 650 claudunt.
821 606 928 650 Nam
945 620 1062 664 ,cum
1091 608 1136 649 in
1168 607 1415 653 hexametro
1446 609 1578 651 animi
1603 609 1745 651 conci-

183 675 386 719 tationem
429 688 486 718 ex
529 674 741 722 discordia
783 676 1066 730 quantitatum
1110 679 1153 718 et
1195 676 1446 730 qualitatum
1488 678 1623 718 ortam
1665 676 1743 718 sub

185 755 335 786 versus
364 744 433 787 vel
463 743 592 789 etiam
613 743 857 802 ‘sententiae
886 742 1020 785 finem
1051 755 1283 786 consensus
1308 743 1520 798 dissolvat,
1549 744 1597 786 in
1621 743 1744 785 novis

183 802 349 866 formis,
381 824 479 854 cum
510 811 653 867 priora
683 811 823 852 omnia
851 810 1007 853 leniter
1037 814 1079 853 et
1107 811 1263 854 leviter
1298 810 1535 866 decurrant,
1570 812 1617 852 in
1653 810 1744 866 ipso

183 878 274 921 fine
305 878 695 935 comprehensionis
724 879 892 920 animus
922 878 1294 925 vehementissime
1323 879 1605 935 perturbatur.
1659 877 1745 921 Hic

184 956 290 989 usus
321 947 477 1001 optime
509 946 720 988 consentit
743 958 840 988 cum
866 957 1062 988 sermone
1086 950 1300 1001 παθητικῷ
1324 947 1442 989 illius
1466 946 1626 1000 aetatis,
1659 958 1744 1000 quo

183 1013 242 1056 id'
259 1010 526 1070 potissimum
556 1028 583 1057 a
611 1014 889 1069 scriptoribus
919 1013 1208 1069 appetebatur,
1243 1016 1295 1056 ut
1323 1013 1590 1056 audientium
1619 1025 1745 1055 aures

170 1082 276 1138 ‘ipSo
308 1083 543 1141 verborum.
572 1083 751 1137 strepitu
787 1085 1113 1137 commoverent.
1165 1083 1309 1136 Atque
1340 1081 1503 1123 Seneca
1538 1081 1746 1123 sermonis

185 1153 338 1194 nervos
382 1152 507 1194 etiam
550 1147 726 1193 metrico
769 1149 849 1193 hoc
891 1150 1075 1193 artificio
1120 1149 1344 1193 intendere
1386 1148 1599 1204 studebat,
1647 1162 1746 1192 cum

185 1220 394 1262 adoneum
435 1219 702 1274 anapaestice
744 1219 1063 1274 pronuntiatum
1107 1218 1508 1273 comprehensiones
1548 1217 1745 1260 claudere

185 1286 363 1330 iuberet.

326 1355 416 1397 Iam
448 1357 682 1409 sequantur
705 1355 911 1410 exempla,
932 1367 1051 1408 *quae
1073 1354 1285 1409 duplicem
1310 1354 1427 1412 hunc
1447 1344 1599 1395 adonei
1617 1365 1746 1394 usum

184 1424 467 1465 Annaeanu'm
496 1422 782 1476 illustrentlss).
827 1423 893 1465 Ac
923 1422 1108 1477 primum
1139 1420 1312 1476 quidem
1343 1434 1400 1463 ex
1422 1431 1575 1476 magna
1605 1420 1747 1462 multi-

185 1489 346 1532 tudine>
365 1490 526 1544 aliquot
554 1490 670 1532 locos
698 1490 894 1545 deligam,
926 1489 1080 1544 quibus
1111 1489 1286 1531 adoneis
1321 1490 1485 1545 iteratis
1520 1501 1589 1531 res
1620 1500 1748 1543 quae-

185 1558 281 1600 dam
311 1558 455 1613 gravis
485 1561 558 1599 aut
587 1557 746 1614 flebilis
776 1558 851 1599 aut
879 1556 1082 1599 terribilis
1113 1556 1389 1600 describitur:

184 1651 291 1686 Herc.
309 1651 378 1686 fur.
398 1651 483 1687 192:
515 1639 630 1687 aiium
660 1650 788 1686 multis
812 1650 931 1696 gloria
1001 1649 1139 1685 Phaed.
1156 1649 1247 1685 331:

489 1732 492 1737 ν
681 1700 791 1743 terris

256 1763 380 1800 tradat
404 1766 441 1799 et
464 1774 595 1799 omnes
617 1763 719 1800 fama
735 1774 801 1808 per
816 1762 928 1798 urbes

257 1820 407 1865 garnna
430 1819 557 1856 laudet
581 1811 760 1865 caeloque
784 1829 914 1865 parem

256 1877 363 1922 tollat
387 1879 424 1913 et
448 1876 577 1920 astris3
602 1876 700 1913 alius
725 1886 838 1925 curru

255 1933 426 1970 sublimis
451 1935 529 1969 eat:
554 1944 614 1969 me
639 1943 726 1968 mea
751 1931 859 1968 tellus

255 1989 334 2038 lare
359 1992 506 2025 secreto
530 1991 685 2034 tutoque
709 1989 819 2034 tegat.

186 2061 270 2098 Tro.
295 2062 380 2097 134:
412 2061 466 2097 nil
488 2061 599 2098 Troia
628 2053 745 2097 semel
773 2064 812 2097 te
844 2071 929 2106 rege

256 2173 316 2212 bis
339 2160 484 2219 pulsari
497 2117 820 2218 ,Dardanatugrlifaio

216 2249 219 2252 -
257 2229 409 2265 moenia
431 2229 531 2265 ferro
554 2229 687 2276 bisque
710 2229 906 2291 pharetras

255 2295 370 2331 passa
392 2285 603 2322 Herculeas.

139 2415 144 2421 ἡ
186 2361 281 2417 Med.
305 2360 391 2397 364:
422 2371 522 2396 nunc
551 2359 627 2396 iam
652 2360 765 2397 cessit
793 2362 930 2406 pontus

682 2418 721 2452 et
745 2426 876 2452 omnes

256 2472 396 2520 patitur
418 2471 535 2518 leges:
561 2481 638 2523 non
661 2471 831 2508 Palladia

257 2527 451 2574 compacta
462 2537 578 2562 manu
589 2522 791 2574 regumque
803 2527 928 2562 ferens
991 2529 995 2534 '

256 2582 386 2622 inclita
409 2594 534 2620 remos
560 2583 749 2636 quaeritur
773 2584 928 2639 Argo-

257 2641 443 2688 quaelibet
462 2640 578 2676 altum
597 2637 732 2677 cumba'
743 2637 927 2686 pererrat3

256 2696 437 2734 terminus
462 2695 583 2731 omnis
607 2698 731 2732 motus
755 2698 793 2732 et
815 2696 928 2733 urbes

236 2765 384 2792 ⁴muros
409 2757 509 2791 terra
532 2764 691 2800 posuere
716 2764 798 2798 sua,

256 2811 310 2848 nil
334 2822 409 2858 qua
432 2810 554 2847 fuerat
578 2809 668 2845 sede
696 2809 846 2863 reliquit

257 2867 407 2915 pervius
432 2866 549 2921 orbis:
591 2893 595 2895 -

1402 1647 1404 1649 ’
1438 1659 1513 1695 qua
1537 1651 1638 1686 terra
1662 1640 1743 1686 salo

1073 1704 1233 1752 cingitur
1257 1706 1332 1742 alto
1357 1716 1502 1752 quaque
1530 1717 1597 1753 per
1621 1706 1744 1752 ipsum

1072 1762 1233 1798 candida
1245 1763 1423 1798 mundum
1437 1763 1563 1798 sidera
1574 1766 1742 1798 currunt:

1070 1818 1166 1854 haec
1190 1828 1307 1864 regna
1335 1820 1439 1854 tenet
1461 1828 1554 1864 puer
1577 1818 1743 1864 immitis,

1072 1874 1216 1920 spicula
1239 1875 1346 1910 cuius
1368 1875 1485 1910 sentit
1507 1874 1549 1910 in
1572 1874 1657 1911 imis

1071 1931 1223 1976 pervius
1246 1928 1358 1967 undis
1382 1942 1450 1967 rex
1472 1930 1672 1967 Nereidum

953 2032 956 2038 ,
1002 2005 1091 2041 Oed.
1119 2005 1205 2041 164:
1245 2005 1346 2041 Mors
1383 2008 1465 2041 atra
1501 2005 1632 2041 avidos
1668 2006 1744 2041 oris

1496 2061 1621 2098 hiatus

1072 2117 1202 2162 pandit
1234 2119 1271 2152 et
1301 2128 1431 2153 omnes
1455 2116 1619 2163 explicat
1643 2116 1742 2160 alas;

1072 2171 1208 2218 quique
1233 2172 1365 2218 capaci
1389 2171 1539 2208 turbida
1564 2172 1698 2208 cumba

1071 2229 1224 2265 flumina
1248 2233 1374 2265 servat
1398 2230 1512 2266 durus
1537 2228 1642 2265 senio

1070 2285 1201 2322 navita
1224 2285 1352 2331 crudo,

1002 2359 1089 2396 184:
1374 2364 1453 2396 tum
1481 2360 1597 2409 vapor
1622 2361 1742 2405 ipsam

1072 2416 1238 2462 corporis
1263 2426 1387 2453 arcem
1411 2417 1606 2454 flammeus
1629 2416 1703 2453 urit

1070 2473 1260 2518 multoque
1276 2483 1392 2518 genas
1409 2473 1591 2519 sanguine
1612 2473 1741 2516 tendit,

1072 2528 1243 2574 oculique
1268 2528 1387 2574 rigent
1411 2532 1448 2564 et
1474 2539 1581 2564 sacer
1604 2527 1701 2574 ignis

1071 2584 1235 2630 pascitur
1264 2586 1385 2628 artus3
1419 2587 1597 2621 resonant
1629 2595 1741 2621 aures

1070 2641 1257 2687 stillatque
1281 2641 1387 2687 niger
1410 2642 1512 2678 naris
1537 2642 1705 2677 aduncae

1070 2707 1180 2733 cruor
1205 2699 1241 2733 et
1265 2708 1383 2734 venas
1408 2698 1544 2743 rumpit
1572 2697 1740 2742 hiantes;

1069 2753 1200 2791 intima
1225 2754 1353 2790 creber
1377 2755 1524 2792 viscera
1547 2759 1702 2801 quassat
1778 2770 1781 2772 ·

1070 2809 1741 2858 gemitusstridens.iamqueamplexu

1069 2867 1204 2914 frigida
1227 2874 1359 2912 presso
1383 2878 1476 2903 saxa
1503 2867 1661 2914 fatigant
1668 2879 1677 2911 ;

331 2998 372 3044 ¹⁸)
397 2997 566 3035 Senecae
589 2995 802 3043 tragoedias
827 2971 884 3034 ed.
902 2997 940 3034 F.
957 2997 1032 3034 Leo
1058 2996 1160 3033 1879.
