2041 3293
893 155 1283 217 -76÷·

250 293 485 355 formarum
505 259 699 350 paucitas
719 297 805 348 est,
830 307 931 337 nam
949 297 1121 350 praeter
1138 293 1351 363 adoneum
1369 306 1458 337 una
1476 293 1617 337 forma
1635 315 1827 336 w--m-
1892 268 1916 343 ‚¹

220 390 229 399 s
251 362 605 417 occurrit-semel
618 363 735 418 (322,
747 363 797 417 4)
809 365 1037 405 υυ-υυ-’.
1059 387 1115 394 —-
1136 362 1296 417 Magna
1317 360 1567 407 illaadonei
1585 361 1845 420 freqwufia'

252 430 411 486 quibus
431 430 497 478 ,de
527 430 670 473 causis
700 433 794 476 tum
814 433 907 474 orta
924 431 992 485 sit,
1022 429 1150 474 facile
1169 429 1444 497 intellegitur.
1489 428 1691 473 Adoneos
1712 428 1827 472 enim

251 501 403 554 poetae
427 498 571 555 Latini
595 499 731 542 multe
755 499 928 543 facilius
947 498 1133 542 formare
1152 499 1360 554 poterant,
1392 510 1520 553 quam
1541 500 1828 541 monometros

250 578 354 609 vere
384 567 690 625 anapaesticos,
721 568 879 623 quippe
909 567 956 613 in
987 559 1146 622 quibus
1175 566 1434 610 difficillima
1461 565 1702 624 diaereseos
1732 566 1829 621 post
1890 620 1893 621 7

251 634 425 688 singula
453 636 589 677 metra
618 635 859 677 observatio
890 638 1015 677 esset.
1065 634 1159 677 Iam
1178 634 1363 679 Varroni
1393 633 1610 691 anapaesti
1640 631 1835 676 diffi0u1=
1874 633 1880 640 ‘

251 703 381 746 tatem
418 694 637 759 parabant,
675 703 791 758 quod
827 702 1006 758 spondei
1041 702 1217 758 plurimi
1255 704 1580 759 anapaestomm
1619 701 1714 745 loco
1753 700 1827 744 ad—

252 770 377 813 hibiti
407 771 723 837 demonstrant3
755 771 832 818 sed
862 783 963 814 cum
991 769 1193 814 Plautum
1224 774 1399 816 secutus
1427 770 1590 828 ubique
1619 782 1696 827 pro
1727 781 1828 813 ana-

223 869 228 874 ·
251 840 397 895 paesto
430 838 653 894 dactylum
683 852 845 895 ponere
864 840 1003 882 Varro
1024 839 1116 882 'sibi
1147 840 1415 894 comederet,
1443 853 1514 883 res
1536 840 1707 882 facilius
1722 852 1828 894 >per-

251 905 490 949 ficiebatur.
548 905 842 949 Monometros
883 907 1178 962 anapaesticos
1219 919 1387 950 summa
1428 909 1518 950 arte
1560 909 1827 950 constructos
1885 911 1887 913 “

237 974 418 1030 primus
443 977 571 1029 atque
596 974 714 1017 solus
736 987 760 1017 e
779 974 984 1018 Romanis
1006 974 1169 1018 Seneca
1190 977 1450 1031 composuit3
1481 989 1609 1031 quem
1631 976 1827 1029 seriores,

252 1045 422 1098 praeter
462 1041 663 1084 Octaviae
705 1043 944 1098 auctorem,
985 1043 1106 1086 nullo
1145 1043 1272 1087 modo
1313 1042 1618 1101 adaequabant.
1670 1043 1828 1087 Contra

255 1112 417 1168 dactyli
436 1112 605 1156 facilius
620 1112 926 1168 formabantur,
944 1127 1073 1168 quam
1088 1113 1327 1168 anapaesti3
1346 1113 1461 1167 quod
1483 1113 1827 1156 hexametrorum
1874 1108 1877 1113 ’

167 1227 172 1240 x
253 1193 362 1228 usus
377 1180 592 1224 Romanos
608 1180 834 1233 docuerat;
849 1181 1007 1237 itaque,
1024 1194 1123 1225 cum
1140 1180 1605 1225 ultimamrmonometri
1620 1180 1827 1236 syllabam

226 1259 231 1268 “
253 1250 428 1306 longam
452 1249 689 1295 dissolvere
719 1263 775 1293 ex
799 1251 989 1294 Senecae
1019 1251 1283 1306 temporibus
1313 1264 1402 1293 non
1431 1251 1518 1293 iam
1540 1251 1702 1304 liceret,
1728 1249 1828 1293 ado-

254 1330 387 1362 neum
433 1317 742 1373 adhibuerunt,
789 1318 865 1374 qui
910 1318 1118 1374 syllabam
1165 1318 1396 1375 ancipitem
1441 1318 1604 1375 ubique
1649 1317 1826 1381 ferebat,

254 1390 545 1430 monometros
564 1387 858 1441 anapaesticos
883 1399 979 1429 raro
1005 1387 1308 1441 formaverunt,
1339 1387 1426 1441 sed,
1457 1400 1556 1435 cum
1576 1390 1828 1442 anapaestos

254 1453 460 1511 adhibere
475 1453 689 1508 volebant,
703 1454 996 1510 paroemiacos
1011 1453 1322 1510 praeferebant,
1338 1454 1414 1510 qui
1429 1452 1612 1499 diaeresi
1627 1453 1830 1498 carebant

254 1524 308 1577 et,
329 1535 429 1566 cum
449 1522 689 1565 hexametri
708 1522 982 1566 usitatissimi
1001 1535 1100 1579 pars
1122 1527 1275 1578 essent,
1299 1523 1503 1575 facillime
1524 1522 1827 1566 formabantur.

397 1590 544 1633 Pauca
582 1589 818 1633 adiciamus
856 1589 910 1634 de
941 1590 1023 1634 hoc
1059 1592 1336 1646 paroemiaco,
1377 1605 1433 1634 ex
1464 1605 1549 1647 quo
1586 1591 1775 1636 carmina
1803 1605 1829 1634 a

253 1660 392 1715 poetis
417 1658 592 1702 Graecis
617 1659 852 1715 composita
876 1672 970 1702 esse
995 1659 1261 1703 collectionis
1286 1660 1612 1704 Amherstianae
1641 1672 1830 1716 papyrus

253 1730 445 1771 testatur.
493 1727 618 1778 Quod
658 1740 743 1782 quo
782 1729 974 1783 tempore
1012 1728 1177 1771 factum
1214 1728 1271 1771 sit
1290 1730 1476 1785 apparet
1506 1741 1562 1772 ex
1591 1728 1829 1772 imitatione

253 1796 446 1841 Romana
454 1797 520 1851 ³⁶)
560 1796 602 1839 A
633 1795 792 1840 Sereno
824 1797 939 1840 enim
969 1800 1096 1852 poeta
1118 1797 1271 1840 Latino
1302 1799 1619 1853 paroemiacum
1649 1797 1828 1840 stichice

254 1864 494 1907 adhibitum
534 1875 628 1907 esse
669 1863 899 1907 Diomedes
939 1864 1060 1908 testis
1100 1866 1166 1907 est
1203 1865 1293 1920 (GL
1318 1866 1340 1909 I
1368 1867 1466 1922 514,
1506 1867 1647 1921 6—8).
1699 1865 1829 1909 Hunc
1898 1920 1899 1923 Ἴ

244 1933 423 1993 poetam
447 1931 588 1976 medio
613 1932 707 1976 fere
727 1933 898 1976 saeculo
920 1933 1113 1976 secundo
1136 1933 1297 1977 vixisse
1322 1947 1377 1977 ex
1397 1935 1650 1979 Terentiano
1675 1934 1828 1979 Mauro

254 2001 488 2045 verisimile
519 2001 589 2065 fit,
626 2001 714 2045 Hic
745 2001 862 2045 enim
889 2002 1203 2058 grammaticus,
1234 2016 1363 2058 quem
1393 2003 1473 2046 sub
1503 2003 1639 2046 finem
1669 2002 1829 2048 saeculi

255 2070 437 2114 secundi
457 2070 511 2112 de
525 2082 574 2113 re
589 2071 768 2113 metrica
783 2070 1008 2146 scripsisse
1023 2070 1071 2113 G.
1088 2071 1331 2114 Schultzius
1349 2072 1376 2113 l.
1395 2085 1430 2115 c.
1447 2071 1604 2126 docuit,
1620 2072 1828 2114 Serenum

256 2137 421 2193 ‘nuper'
453 2137 642 2180 carmina
666 2137 959 2194 composuisse
981 2137 1088 2181 dicit
1110 2151 1149 2180 v.
1173 2139 1301 2181 1891.
1343 2138 1507 2182 Eadem
1528 2139 1659 2194 igitur
1679 2140 1828 2194 aetate,
1897 2170 1901 2175 -

249 2219 341 2260 vqua
359 2205 580 2248 Luoianus
611 2192 657 2249 et
674 2204 943 2249 Mesomedes
968 2206 1157 2249 carmina
1177 2206 1368 2249 dimetris
1389 2206 1830 2263 anapaesto-iambicis

255 2277 299 2318 et
321 2274 609 2330 paroemiaois
634 2262 969 2330 componebant,
1010 2275 1138 2317 etiam
1170 2287 1194 2318 e
1224 2274 1328 2317 solis
1367 2274 1646 2330 paroemiacis
1677 2274 1829 2318 Graeci

253 2345 406 2398 poetae
437 2341 671 2384 cantilenas
703 2341 1000 2385 conficiebant.

399 2447 446 2493 ⁸⁰)
469 2446 524 2483 Cf.
539 2457 653 2492 supra
668 2458 750 2494 pag.
764 2447 821 2484 57.
847 2447 1009 2484 Romani
1023 2448 1284 2494 paroemiacos
1300 2447 1418 2484 multo
1434 2447 1589 2484 liberius
1604 2447 1829 2493 formabant,

176 2516 183 2520 ⁷·
254 2515 367 2550 quam
392 2502 538 2540 Graeci.
575 2502 622 2538 Hi
646 2503 745 2539 enim
769 2500 958 2549 spondeos
990 2503 1067 2540 nisi
1089 2503 1130 2539 in
1151 2504 1272 2549 primo
1296 2503 1392 2548 pede
1424 2503 1616 2541 rarissime
1645 2500 1828 2552 ferebant.
1903 2531 1905 2534 Α

253 2560 416 2597 Romani
449 2561 579 2596 autem
602 2558 789 2604 spondeos
814 2559 854 2595 in
878 2559 1007 2605 primis
1043 2559 1188 2596 duobus
1212 2557 1371 2605 pedibus
1396 2568 1544 2606 semper
1567 2557 1833 2605 admittebant,-

253 2616 406 2655 tertium
438 2615 575 2664 pedem
607 2625 741 2662 purum
774 2615 1035 2663 relinquebant
1067 2618 1218 2662 praeter
1248 2615 1398 2652 Anthol.
1415 2615 1495 2652 Lat.
1514 2615 1619 2660 1524,
1645 2615 1677 2650 1.
1716 2613 1829 2652 Solus
1867 2617 1870 2619 ’

254 2673 480 2717 Prudentius
513 2672 638 2718 ipsam
669 2670 851 2708 Graecam
885 2667 1110 2718 elegantiam
1143 2671 1311 2708 imitatus
1345 2674 1404 2707 est
1436 2671 1478 2707 in
1509 2672 1649 2718 hymno
1683 2670 1741 2707 ad*
1764 2680 1828 2706 ex-

253 2729 407 2776 sequias
440 2728 607 2766 defuncti
640 2726 738 2774 (pag.
755 2727 802 2764 58
827 2738 905 2775 sqq.
930 2727 1116 2775 Dressel);
1151 2728 1215 2776 qui
1248 2726 1323 2763 nisi
1354 2727 1476 2775 primo
1509 2726 1606 2774 pede
1640 2726 1828 2774 spondeos
1886 2724 1889 2728 ’

253 2796 332 2823 non
354 2784 508 2833 recepit.
531 2785 633 2822 Uno
662 2783 747 2821 loco
771 2784 932 2821 occurrit
955 2783 1205 2829 Ἐρασμονίδη
1231 2783 1410 2829 Χαρίλαε’,
1441 2783 1483 2820 in
1504 2783 1650 2820 Hosidii
1673 2782 1830 2820 Medeae
1854 2823 1856 2825 ,

253 2854 288 2879 v.
307 2843 374 2891 357:
410 2842 524 2890 ‘quid‚
558 2852 582 2878 0
606 2840 859 2888 pulcherrima
891 2841 1079 2878 coniunx'.
1117 2840 1294 2878 Eiusdem
1327 2839 1545 2886 tragoediae
1575 2839 1651 2891 duo
1682 2841 1827 2886 versus,

253 2898 293 2935 id
319 2897 422 2946 quod
454 2896 786 2946 grammaticorum
818 2897 1029 2944 praeceptis
1062 2899 1257 2944 repugnat,
1291 2896 1450 2934 alterum
1479 2895 1616 2943 pedem
1646 2894 1830 2942 dactylica
1904 2897 1919 2920 ἓ
1954 2901 1957 2903 “

254 2955 524 2999 formaverunt,
539 2954 608 2990 42:
625 2953 731 3003 ‘felix
746 2953 821 2989 heu
837 2953 992 2990 nimium
1003 2953 1106 2990 felix'
1121 2955 1160 2989 et
1171 2954 1262 2990 295:
1279 2954 1476 2990 'armatam
1488 2951 1633 2989 facibus
1645 2948 1839 2995 matiem‘..
1909 2955 1912 2959 '
