2041 3293
861 740 1012 796 Vita.

0 882 42 939 13-'13
155 920 159 922 ,
301 881 437 924 Natus
466 892 564 922 sum
594 880 815 935 Augustus
844 878 987 922 Raabe
1018 878 1290 934 Argentorati
1317 878 1365 919 in
1393 877 1501 919 urbe
1531 876 1721 920 Alsatica

21 962 25 970 ¹
68 948 70 950 ’
102 950 107 966 ³
160 949 297 1005 pridie
333 943 443 992 Non.
474 948 586 1003 Sept.
619 948 721 990 anni
750 945 1178 999 MDGGCLXXXVI
1206 947 1325 1001 patre
1359 945 1548 999 Alberto,
1586 948 1719 988 matre

37 1038 41 1046 ·
161 1015 343 1060 Caecilia
373 1029 397 1060 e
426 1017 553 1072 gente
573 1006 730 1058 Marks.
756 1014 911 1058 'Fidem
934 1014 1141 1071 profiteor
1160 1013 1461 1072 evangelicam.
1498 1013 1719 1056 Autumno

161 1086 264 1128 anni
304 1083 621 1129 MDGQOXOII
657 1084 704 1125 in
742 1084 934 1131 ordinem
976 1083 1280 1137 discipulorum
1317 1082 1540 1136 Gymnasii
1573 1081 1720 1124 Prote-

22 1120 30 1178 ss
97 1145 100 1148 ’
154 1152 332 1201 ‚stantici
379 1151 754 1208 Argentoratensis
804 1153 1000 1207 receptus
1044 1163 1151 1193 sum.
1208 1150 1360 1213 Aetate
1404 1134 1522 1192 anni*
1549 1148 1719 1193 MOMV

159 1222 414 1264 maturitatis
443 1221 685 1263 testimonio
722 1221 907 1274 ornatus,
944 1234 980 1262 a.
1006 1215 1044 1261 dss
1068 1219 1155 1261 XV
1175 1219 1267 1261 Kal.
1291 1219 1398 1261 Nov.
1430 1219 1719 1261 universitatis

162 1288 414 1336 Wilhelmae
437 1282 762 1344 ‘Argentinensis
788 1279 894 1331 civis
917 1287 1058 1330 faetus
1083 1300 1178 1329 sum
1202 1287 1540 1343 philologiaeque
1566 1286 1719 1329 studiis

161 1370 229 1401 me
259 1356 416 1400 dedidi.
457 1356 720 1412 Docu‘erunt=
742 1369 812 1399 me
842 1356 924 1397 viri
955 1351 1188 1398 doctissimi
1217 1355 1467 1409 Baeumker,
1503 1355 1718 1410 Henning,

160 1423 271 1479 Keil,
287 1423 421 1478 Klotz,
441 1423 610 1478 Martin,
630 1423 868 1476 Neumann,
887 1423 1186 1477 Reitzenstein,
1207 1422 1382 1478 Ziegler.
1408 1422 1719 1465 Proseminario

121 1517 123 1519 ·
160 1490 416 1547 philologico
446 1491 623 1534 interfui
651 1504 731 1546 per
759 1487 957 1546 quattuor
986 1492 1226 1543 semestria3
1257 1492 1348 1533 tum
1373 1490 1502 1533 Keilii
1525 1490 1720 1533 Reitzen-

161 1559 389 1615 steiniique
418 1559 680 1614 benignitate
709 1559 755 1601 in
786 1559 1060 1602 seminarium
1091 1558 1393 1615 philologicum
1422 1559 1621 1614 receptus
1645 1571 1722 1614 per

160 1640 294 1670 unum
331 1640 491 1668 annum
534 1626 690 1668 sodalis
723 1628 825 1669 eius
866 1627 953 1668 fui=
974 1627 1225 1669 ordinarius.
1279 1627 1504 1669 Praeterea
1543 1627 1721 1668 interfui

161 1693 537 1749 exercitationibus
569 1694 852 1750 epigraphicis
883 1697 925 1738 et
954 1694 1178 1749 historicis,
1216 1694 1373 1749 quibus
1402 1694 1502 1738 Keil
1532 1698 1577 1737 et
1605 1695 1720 1738 Neu-

114 1795 123 1808 κ,
162 1775 300 1816 mann,
333 1769 375 1804 et
410 1763 648 1804 seminariis
678 1763 945 1816 germanicis,
982 1762 1137 1816 quibus
1167 1763 1371 1817 Henning
1405 1764 1449 1805 et
1477 1762 1645 1816 Martin,
1677 1764 1721 1804 et

20 1853 22 1855 ·
73 1865 83 1869 -
158 1829 473 1886 philosophicis,
504 1829 659 1884 quibus
691 1830 932 1879 Baeumker
957 1833 1000 1873 et
1019 1830 1186 1886 Ziegler
1214 1835 1448 1886 praeerant.
1478 1830 1591 1873 Vere
1617 1831 1718 1872 anni

0 1888 3 1901 ¹
31 1918 34 1921 ·
160 1897 354 1941 MOMIX
393 1897 632 1944 dissertatio
673 1911 785 1952 mea,
827 1911 936 1953 quae
976 1898 1292 1941 inscribebatur
1330 1898 1581 1952 ‘Systemata
1618 1911 1718 1940 ana-

18 1970 33 1984 ·'
90 2006 92 2008 ,
160 1965 346 2021 paestica
380 1979 407 2007 a
442 1966 578 2021 poetis
609 1966 783 2009 Graecis
824 1979 909 2021 quo
946 1966 1072 2009 modo
1108 1967 1298 2019 formata,
1338 1966 1520 2021 exculta,
1559 1968 1719 2008 mutata

161 2034 248 2075 sint
283 2026 546 2088 explicetur’‚
583 2033 643 2075 ab¹
673 2033 931 2089 amplissimo
970 2034 1317 2088 philosophorum
1352 2034 1501 2076 ordine
1531 2035 1717 2088 praemio

166 2103 370 2142 exornata
415 2101 499 2153 est3
550 2097 623 2143 cui
669 2101 749 2143 hoc
791 2101 1043 2156 opusculum
1087 2105 1154 2143 est
1195 2103 1544 2156 superstructum.
1604 2101 1718 2144 Viris

107 2188 118 2201 --
160 2167 457 2215 illustrissimis
494 2167 570 2221 qui
605 2180 675 2209 me
714 2168 952 2211 docuerunt
991 2168 1199 2223 omnibus,
1238 2169 1465 2224 praecipue
1501 2168 1639 2211 Keilio
1676 2171 1719 2211 et

113 2242 117 2243 ’
160 2234 504 2290 Reitzensteinio‚
525 2236 595 2291 pio
617 2239 820 2291 gratoque
840 2237 980 2279 animo
1002 2249 1170 2293 semper
1185 2237 1354 2280 deditus
1370 2250 1454 2280 ero.
1485 2236 1718 2279 Maximam

161 2316 262 2347 vero
298 2304 490 2359 gratiam
509 2304 642 2363 debeo
673 2304 869 2347 Brunoni
898 2305 1007 2360 Keil,
1046 2306 1121 2361 qui
1158 2319 1287 2360 quam
1323 2306 1505 2361 benigne
1542 2305 1717 2348 consilio

85 2379 91 2397 ⁷
123 2383 134 2388 ·
160 2383 251 2426 suo.
269 2384 436 2428 semper
465 2379 533 2415 me
564 2372 776 2416 adiuverit
805 2373 947 2416 verbis
978 2375 1218 2429 exprimere
1249 2387 1425 2429 nequeo.
