2041 3293
862 177 1158 219 ...38-

225 308 306 351 erit
330 306 407 363 [in]
431 309 690 366 anapaestico
704 322 789 365 par
801 318 857 350 ‘ac
875 307 1017 361 nonae,
1055 321 1170 351 »mea
1189 308 1291 352 tibia
1308 309 1442 352 dicere
1465 314 1640 353 versus«.
1678 311 1796 363 Quod

223 378 264 420 si
290 377 527 434 coniungas,
563 377 668 433 facit
708 390 798 420 »vos
832 389 856 419 o
890 375 1069 433 Calliope
1107 379 1211 420 mea‘
1230 377 1330 420 tibia
1365 377 1498 421 dicere
1528 392 1704 422 versus«.
1735 396 1794 412 -·-

225 444 490 488 Ps.-Censor.
512 445 586 489 GL
601 445 663 488 VI
681 446 778 499 617,
802 446 828 486 2
850 457 962 500 sqq.:
983 445 1359 501 aristtmhaniusfit
1378 446 1620 489 esc-heroico:
1648 461 1794 499 »arma

226 515 442 570 virumque
465 528 565 557 cano
588 514 739 556 Troiae
767 514 840 569 qui
864 515 1028 569 primus
1051 513 1103 556 ab
1126 516 1250 566 om's«,
1287 507 1562 556 »nunc'arma
1581 515 1795 570 virumque

158 596 162 600 ⁴
224 595 329 625 cano
354 581 503 626 Troiae
531 595 643 624 nunc
672 582 745 638 qui
773 588 884 624 nunc
908 582 1074 637 primus
1098 581 1150 624 ab
1172 587 1296 625 oris«.
1334 580 1396 624 Cf.
1419 581 1472 624 de
1492 579 1643 624 eodem
1664 594 1792 624 versu

228 649 333 691 Mar.
355 650 513 692 Victor.
537 648 610 691 GL
631 649 693 690 VI
724 650 820 702 125,
846 649 974 690 6-9,
1020 649 1085 691 De
1126 649 1407 703 Archebuleo,
1448 662 1575 703 quam
1612 649 1792 691 formam

226 716 519 774 logaoedicam
534 716 820 761 Alexandrini
836 716 1105 773 appellabant
1119 717 1273 773 (Heph.
1289 718 1359 772 28,
1382 719 1407 761 9
1425 731 1517 773 sqq.
1537 717 1595 773 O),
1618 717 1792 761 Caesius

228 786 388 827 Bassus
429 786 518 839 agit
547 785 621 827 GL
643 785 704 827 VI
726 786 825 839 256,
849 786 1065 826 11—152-
1088 787 1199 841 oriqo
1237 788 1325 828 eius
1362 786 1508 829 herous
1537 787 1794 829 hexametrus

225 858 303 906 est3
336 854 560 910 exemplum
598 853 697 896 »tibi
720 855 906 897 nascitur
929 867 1044 896 omne
1060 867 1195 910 pecus,
1227 853 1301 896 tibi
1320 855 1461 897 erescit
1478 854 1644 909 herba«,
1676 851 1792 911 quem
1858 858 1860 860 ’

224 922 355 976 facies
381 922 550 964 heroum
575 922 855 965 hexametrum
879 920 1047 964 adiectis
1076 922 1236 964 duabus
1253 922 1429 979 syllabis
1457 923 1535 965 sic:
1573 937 1695 966 »nam
1721 923 1794 966 tibi

225 992 413 1034 nascitur
447 1004 564 1033 omne
594 1004 732 1046 pecus,
774 990 848 1032 tibi
885 991 1025 1033 craecit
1055 995 1092 1032 et
1121 990 1286 1032 herba«.
1332 990 1395 1032 Ea
1424 991 1556 1045 igitur
1584 1003 1631 1033 re
1662 991 1793 1033 Stoici

179 1059 182 1063 ’
225 1058 393 1100 metrici
433 1057 484 1099 ab
516 1057 821 1100 Alexandrinis
863 1056 1130 1112 differebant,
1172 1058 1285 1112 quod
1325 1057 1503 1100 formas·
1523 1058 1792 1101 catalecticas

225 1125 310 1168 ah'a
347 1127 512 1168 ratione
551 1125 949 1180 interpretabantur.
996 1125 1147 1180 Neque
1188 1127 1301 1168 enim
1333 1138 1357 1168 e
1388 1125 1583 1168 versibus
1614 1127 1818 1181 integris-

228 1197 344 1235 ortas
376 1205 446 1235 eas
476 1193 691 1248 putabant,
731 1191 807 1235 sed
848 1204 941 1235 esse
974 1206 1028 1235 ex
1060 1192 1308 1235 hexametro
1348 1196 1422 1235 aut
1452 1193 1689 1238 adiectione
1720 1196 1794 1236 aut
1825 1224 1827 1231 s

224 1260 487 1304 detractione
530 1261 751 1303 derivatas.
813 1261 969 1303 Tamen
1013 1261 1091 1303 hos
1134 1274 1284 1304 versus
1324 1274 1347 1304 e
1388 1261 1568 1316 singulis
1610 1262 1792 1317 pedibus

225 1331 418 1371 constare
440 1342 526 1371 non
547 1328 772 1383 negabant,
799 1329 914 1383 quod
935 1330 1231 1383 cognoscimus
1253 1342 1308 1371 ex
1329 1328 1534 1371 Diomede
1556 1329 1629 1372 GL
1648 1330 1670 1372 Ι
1694 1331 1790 1384 512,

227 1399 282 1440 36
315 1411 418 1453 sqq.,
460 1398 535 1453 qui
564 1397 671 1440 duos
709 1397 1000 1453 paroemiacos
1031 1397 1176 1440 affert:
1223 1400 1355 1455 »aqite
1385 1412 1407 1442 ο
1430 1399 1571 1455 pelaqi
1600 1412 1791 1452 cursores,

225 1467 421 1522 cupidam
445 1468 491 1508 in
508 1468 695 1522 patriam
715 1471 919 1521 portate«,
952 1465 1005 1507 de
1030 1465 1186 1519 quibus
1211 1466 1317 1507 haec
1342 1466 1466 1507 dicit:
1498 1472 1593 1508 sunt
1617 1467 1682 1508 hic
1706 1467 1793 1508 bini

224 1535 441 1591 anapaesti
471 1538 543 1577 aut
573 1535 646 1590 qui
675 1535 802 1590 recipi
831 1534 956 1577 solent
968 1535 1030 1587 Β),
1061 1536 1107 1576 in
1137 1535 1218 1589 imo
1247 1539 1382 1577 autem
1412 1540 1486 1577 aut
1516 1535 1709 1589 bacchius·
1725 1540 1790 1589 est,

226 1605 301 1658 qui
337 1607 491 1645 constat
520 1615 569 1643 ecc
598 1602 758 1644 duabus
796 1602 927 1658 lonqis
955 1607 993 1643 et
1024 1602 1143 1655 brevi,
1183 1607 1258 1644 aut
1296 1603 1495 1656 molossus,
1536 1604 1608 1659 qui
1637 1607 1792 1645 constat

226 1686 278 1713 ex
316 1670 448 1713 tribus
486 1670 626 1727 lonqis.
679 1669 843 1713 Summi
886 1671 1087 1712 momenti
1130 1682 1181 1712 ea
1219 1672 1337 1725 sunt,
1378 1684 1488 1725 quae
1528 1673 1788 1725 sequuntur:

225 1740 406 1781 alienum
448 1744 583 1781 autem
620 1738 764 1794 pedem
808 1742 939 1780 metra
982 1739 1065 1780 nisi
1107 1740 1324 1794 recipiant,
1366 1739 1508 1781 modus
1548 1753 1629 1781 non
1668 1739 1792 1794 facile

219 1806 372 1861 finitur
400 1812 437 1849 et
467 1808 599 1863 mayis
638 1806 827 1862 rythmus
866 1811 923 1848 est
953 1821 1077 1861 quam
1115 1811 1281 1848 metron.
1314 1812 1351 1849 et
1382 1807 1517 1849 Varro
1553 1808 1655 1850 dicit
1683 1810 1792 1850 inter

224 1875 445 1932 rythmum,
486 1875 559 1931 qui
588 1873 739 1917 Latine
779 1888 976 1917 numerus
1016 1879 1192 1928 vocatur,
1229 1880 1268 1917 et
1297 1881 1472 1918 metrum
1501 1876 1573 1918 hoc
1603 1878 1792 1919 interesse

221 1944 339 1999 quod·
360 1944 468 1985 inter
497 1944 715 1985 materiam
745 1947 783 1984 et
812 1943 1006 1998 requlam.
1054 1942 1104 1983 Id
1134 1943 1265 1997 igitur
1294 1943 1448 1985 Stoicis
1472 1956 1647 1986 necesse
1674 1944 1791 1985 vide-

223 2011 358 2065 batur,
391 2012 661 2066 anapaestica
681 2015 827 2064 metra,
859 2013 907 2052 ut
932 2013 1074 2052 cetera
1094 2011 1247 2065 omnia,
1279 2011 1418 2053 alieno
1442 2011 1549 2066 pede
1577 2010 1788 2065 concludi,
1856 2048 1870 2051 ,,

222 2080 296 2133 qui
328 2093 413 2120 non
456 2082 708 2133 anapaestus
741 2081 863 2119 esset.
909 2078 1068 2120 Talium
1102 2072 1261 2132 pedum
1290 2078 1520 2121 Diomedes
1559 2081 1651 2133 ipse
1683 2078 1790 2120 duos

222 2149 535 2198 commemorat,
574 2145 802 2187 bacchium
834 2147 875 2187 et
903 2146 1155 2197 molossum3
1189 2147 1362 2188 tertium
1389 2146 1634 2188 Victorinus
1665 2147 1791 2188 affert

223 2214 297 2256 GL
316 2214 380 2255 VI
403 2216 470 2267 75,
515 2213 710 2255 16—18:
757 2213 947 2261 nonnulli
984 2214 1028 2254 in
1070 2214 1218 2255 ultima
1257 2214 1443 2267 huin-3¹⁴)
1481 2214 1573 2256 sede
1611 2215 1789 2256 ionicum

223 2283 422 2324 minorem
461 2282 666 2337 recipiunt
686 2317 688 2319 ,
705 2294 753 2322 ea
789 2283 957 2333 ratione,
998 2295 1081 2336 qua
1111 2282 1157 2322 in
1190 2281 1274 2335 fine
1310 2287 1486 2323 metrum
1524 2295 1639 2324 omne
1678 2285 1790 2324 varie

223 2349 472 2392 claudatur¹
475 2348 518 2402 5)
567 2347 662 2390 Hoc
692 2347 825 2401 igitur
854 2347 979 2389 modo
1011 2347 1142 2390 Stoici
1173 2348 1486 2403 paroemiacum
1519 2348 1787 2404 digerebant:

1314 2416 1444 2451 bacch.

508 2471 571 2498 UO
583 2455 755 2514 υ-υΙῦ-υ-
757 2433 993 2534 ''w-g
936 2478 980 2493 ==
1001 2471 1055 2500 an
1077 2465 1118 2506 ÷
1140 2471 1194 2500 an
1216 2465 1257 2506 -Ι-
1277 2419 1323 2555 ἶ
1313 2463 1399 2499 mol.

1314 2521 1388 2547 1011.
1415 2521 1503 2546 mln.

224 2569 316 2619 Qua
356 2582 402 2610 re
444 2573 615 2623 apparet
654 2568 971 2623 paroemiacum
1012 2580 1183 2621 quoque
1220 2581 1245 2609 a
1281 2568 1436 2609 Stoicis
1466 2581 1542 2622 pro
1574 2580 1701 2610 versu
1733 2578 1787 2609 ex

221 2637 352 2678 variis
391 2637 538 2679 metris
556 2664 561 2672 χ
579 2636 812 2691 composito
854 2635 1044 2677 habitum
1085 2648 1189 2677 esse.
1235 2636 1292 2677 Et
1322 2635 1428 2678 baec
1465 2639 1554 2677 erat
1589 2636 1664 2677 lex
1693 2647 1786 2689 gra-

369 2741 412 2786 ¹⁸)
435 2742 460 2777 Ι.
480 2753 511 2778 e.
538 2743 687 2788 praeter
713 2742 939 2786 anapaestos
959 2740 1072 2777 etiam
1090 2740 1258 2787 spondei,
1284 2740 1324 2776 in
1341 2740 1481 2777 dextris
1499 2740 1656 2787 pedibus
1674 2740 1794 2777 etiam*

223 2798 360 2843 dactyli
386 2798 632 2843 recipiuntur;
659 2798 705 2834 cf.
724 2799 851 2833 annot.
868 2799 891 2832 3
917 2797 1048 2842 (Diom.
1068 2797 1127 2833 GL
1143 2798 1158 2832 I
1175 2797 1257 2842 504,
1274 2797 1441 2844 32-35).

368 2854 412 2899 ²⁴)
437 2853 524 2890 Scil.
550 2854 659 2890 metri
685 2852 926 2899 anapaestici.

366 2912 408 2957 ²⁵)
431 2910 610 2947 Victorini
644 2913 777 2947 auctor
809 2909 985 2954 Graecus,
1018 2913 1058 2946 ut
1091 2921 1222 2946 omnes
1254 2910 1369 2947 Stoici
1400 2910 1637 2956 posteriores,
1674 2910 1786 2946 etiam

221 2967 522 3014 tetrasyllabicos
546 2966 661 3013 pedes
687 2966 849 3013 agnovit.
