2041 3293
0 338 36 361 ,Γ
113 283 138 306 ’μ
193 306 309 356 3219ss
319 311 384 364 Μ),
419 310 467 362 111
498 309 637 352 media
665 310 876 366 sententia
907 275 1032 352 modo
1061 309 1165 364 Thy.
1188 310 1274 352 948
1306 311 1350 352 et
1376 309 1504 352 Herc.
1532 280 1627 352 Oet.
1653 311 1751 352 598.

9 375 15 382 ‘
118 377 123 391 “
193 376 330 437 Quam
359 377 592 426 novitatem
622 390 707 433 qua
729 377 790 421 ‘de
820 390 950 421 causa
979 381 1065 421 tam
1093 390 1190 421 raro
1220 377 1464 421 adhibuerit
1493 379 1530 420 si
1561 389 1752 434 quaeraS,

191 445 351 496 iterum
368 445 527 501 adonei
541 446 606 487 vis
625 447 842 500 παθητική,
864 459 949 500 qua
966 447 1174 488 Annaeus
1194 446 1304 488 hanc
1324 446 1501 488 formam
1519 447 1752 499 exornavit,

191 511 459 571 respicienda
488 516 562 555 est
615 512 723 555 Cum
754 514 869 556 enim
899 512 1062 568 syllaba
1091 510 1249 569 anceps
1273 515 1361 555 vim
1390 514 1543 556 adonei
1567 516 1753 568 augeret,

192 581 254 622 ita
282 582 331 622 ut
344 581 524 635 ¹saepiua
550 574 647 622 eam
664 580 867 622 adhibere
888 580 1013 635 poeta
1032 593 1119 622 non
1139 581 1232 622 sine
1254 593 1382 623 causa
1405 581 1608 635 studeret,
1634 581 1754 622 hiatu

193 659 318 691 aures
358 647 623 690 audientium
656 652 752 690 *hon
793 648 1070 691 vehementer
1107 648 1457 702 percellebantur.
1516 648 1666 702 Itaque
1707 649 1754 689 in

193 714 334 758 hiatus
365 727 448 758 usu
479 715 682 757 Graecam
712 715 852 771 legem
882 716 1005 770 sequi
1028 715 1191 758 Seneca
1215 716 1317 757 satis
1338 715 1495 770 habuit,
1526 715 1634 758 nihil
1654 716 1757 758 novi

194 784 463 838 excogitavit,
499 783 576 826 sed
610 783 778 826 duobus
814 783 900 825 illis
935 783 1042 832 locis
1078 796 1180 826 casu
1217 785 1352 838 magis
1387 797 1515 838 quam
1544 784 1756 826 industria

193 851 444 906 synaphiam
478 851 614 906 laesit,
651 851 767 906 quod
802 852 928 894 etiam
966 864 1016 894 ea
1049 865 1099 894 re
1134 851 1364 893 verisimile
1399 851 1603 907 redditur,
1640 844 1756 906 quod

193 918 325 962 altero
361 919 456 962 loco
493 919 635 975 (Herc.
663 919 757 963 Oet.
783 921 884 975 598)
921 920 1048 963 etiam
1084 924 1180 1011 post
1213 919 1392 962 formam
1432 933 1519 962 non
1550 919 1754 962 adoneam

148 984 151 986 ’
195 987 356 1029 hiatum
376 987 567 1029 admisit.
1500 1002 1506 1009 ·

336 1055 498 1098 Seneca
513 1055 645 1109 igitur
659 1055 893 1110 synaphiae
908 1053 1198 1109 neglegendae
1212 1054 1440 1108 licentiam,
1461 1068 1589 1109 quam
1605 1055 1756 1097 Graeci

194 1123 320 1165 modo
359 1123 404 1164 in
443 1122 533 1165 fine
572 1122 965 1177 comprehensionis
1004 1123 1048 1164 et
1085 1135 1395 1176 nonnunquam
1436 1123 1482 1163 in
1524 1122 1756 1165 levioribus

162 1234 166 1237 ,
194 1190 501 1233 sententiarum
521 1190 670 1232 incisis
694 1190 968 1243 admiserunt,
992 1202 1080 1232 una
1098 1202 1198 1232 cum
1218 1189 1371 1231 adonei
1392 1190 1603 1244 violentia,
1629 1203 1756 1245 quam

195 1259 286 1313 ipse
316 1258 419 1300 huic
449 1257 610 1300 formae
642 1257 825 1312 dederat,
863 1271 887 1299 a
923 1257 1014 1299 fine
1051 1257 1477 1312 comprehensionum
1512 1259 1557 1299 in
1595 1257 1758 1300 medias

195 1324 666 1373 sententiastranstulit.
697 1324 822 1367 Hanc
838 1326 1112 1367 Annaeanam
1137 1325 1368 1366 novitatem
1390 1323 1590 1373 Octaviae
1609 1326 1758 1367 auctor

196 1407 363 1450 magna·
379 1392 595 1448 voluptate
626 1393 825 1448 suscepit.
879 1392 986 1435 Cum
1015 1393 1132 1435 enim
1162 1392 1326 1435 Seneca
1354 1394 1447 1448 ipse
1478 1406 1533 1435 ex
1566 1394 1621 1436 82
1652 1387 1758 1436 locis

195 1461 321 1504 modo
362 1462 505 1504 decies
542 1462 588 1502 in
631 1460 772 1502 media
814 1460 1190 1516 comprehensione
1230 1461 1480 1516 synaphiam
1521 1456 1761 1516 neglexerit

195 1530 364 1586 (14010),
394 1530 595 1573 Octaviae
626 1531 776 1573 auctor
804 1542 829 1573 e
852 1530 906 1572 51
927 1529 1034 1572 locis
1056 1527 1171 1572 131·38
1192 1530 1370 1573 eandem
1391 1530 1608 1573 licentiam
1638 1543 1759 1585 prae-

195 1598 268 1641 bet
296 1598 541 1652 (34010)²·²›)..
577 1597 662 1641 Sed
690 1610 912 1652 nunquam
940 1601 1065 1653 poeta
1087 1600 1134 1639 in
1159 1598 1298 1640 media
1322 1598 1533 1640 sententia
1552 1597 1758 1652 syllabam

197 1667 427 1722 ancipitem
456 1666 556 1708 tulit
584 1667 681 1721 post
709 1665 889 1707 formam
918 1678 1005 1707 non
1036 1664 1322 1720 adoneamw),
1354 1679 1440 1720 qua
1468 1678 1515 1707 re
1545 1665 1590 1706 in
1621 1665 1758 1720 legem

196 1748 222 1777 a
242 1734 415 1795 Graecis
441 1734 544 1789 ipsis
572 1733 625 1775 de
646 1733 854 1788 synaphia
874 1733 1147 1775 constitutam
1167 1734 1261 1775 sine
1277 1746 1408 1775 causa
1421 1733 1757 1787 peccavissetfl).

340 1845 383 1892 ⁸⁴)
408 1845 450 1881 In
473 1845 547 1880 fine
572 1842 917 1890 comprehensionis
933 1846 1019 1892 post
1036 1843 1221 1880 adoneum
1235 1844 1340 1881 Herc.
1358 1844 1427 1880 fur.
1446 1843 1532 1891 168,
1545 1844 1625 1888 171,
1644 1843 1756 1887 1095;

196 1902 333 1938 Phaed.
346 1901 404 1947 34,
417 1901 475 1945 53,
488 1901 546 1945 80,
560 1900 650 1944 350;
669 1900 797 1946 Agam.
812 1900 894 1945 381,
908 1899 978 1935 652
989 1911 1004 1944 ;,
1023 1900 1111 1946 Thy.
1125 1901 1215 1945 82ος
1235 1901 1340 1936 Herc.
1355 1900 1435 1937 Oet.
1445 1900 1526 1945 210,
1542 1900 1644 1936 1891.
1670 1900 1758 1935 Post

196 1960 302 1993 Uo*-
313 1952 418 1993 π-
435 1957 518 1994 Tro.
534 1957 614 2002 115,
631 1956 711 2002 706,
725 1956 815 2001 728;
831 1955 928 1993 Med.
941 1955 1032 2001 8273
1049 1953 1185 1993 Phaed.
1199 1956 1233 2002 8,
1250 1957 1341 2001 337;
1359 1956 1448 1995 Oed.
1462 1957 1549 2002 9863
1566 1956 1655 2002 Thy.
1669 1956 1757 2000 958;

195 2015 301 2051 Herc.
320 2013 401 2051 Oet.
420 2014 523 2051 1878.
561 2014 603 2049 In
626 2012 829 2049 levioribus
862 2012 992 2048 incisis
1016 2015 1102 2058 post
1117 2013 1313 2049 'adoneum
1339 2014 1422 2049 Tro.
1441 2013 1530 2058 108;
1564 2013 1658 2049 Med.
1676 2013 1757 2057 342,

195 2071 277 2116 828,
302 2071 393 2115 9653
419 2071 545 2117 Agam.
568 2070 660 2113 3273
694 2069 783 2115 Thy.
801 2068 888 2113 8493
921 2069 1028 2106 Herc.
1055 2068 1135 2105 Oet.
1163 2070 1266 2106 1924.
1317 2070 1408 2106 Post
1440 2073 1586 2107 ceteras
1618 2070 1758 2106 formas

196 2128 302 2164 Herc.
327 2127 397 2164 fur.
424 2127 537 2171 1113;
562 2125 658 2162 Med.
675 2125 765 2169 348;
790 2124 919 2170 Agam.
936 2124 1002 2169 68;
1028 2125 1134 2161 Herc.
1153 2125 1231 2162 Oet.
1250 2126 1330 2162 222.

297 2220 303 2224 ,
338 2184 382 2228 ”)
409 2181 599 2229 Syllabam
615 2180 816 2227 ancipitem
832 2180 961 2216 notavi
977 2180 1018 2216 111
1032 2181 1106 2217 fine
1118 2181 1461 2227 comprehensionis
1474 2183 1559 2227 post
1572 2181 1757 2217 adoneum

196 2238 253 2283 71,
278 2238 361 2283 309,
384 2238 466 2283 330,
492 2239 574 2282 777,
598 2237 680 2282 806,
704 2230 789 2282 post
814 2244 1032 2271 π-σῡ-
1055 2237 1137 2282 316,
1162 2237 1244 2282 319,
1269 2237 1350 2281 662,
1375 2238 1456 2280 675,
1481 2237 1572 2280 907;
1603 2236 1642 2272 111
1666 2237 1758 2272 levi-

196 2294 323 2331 oribus
338 2293 469 2331 incisis
485 2295 570 2340 post
585 2293 772 2330 adoneum
787 2292 847 2338 28,
871 2292 928 2338 62,
945 2292 1027 2338 331,
1044 2292 1125 2338 655,
1143 2293 1224 2340 768,
1241 2294 1322 2339 809,
1339 2293 1420 2338 955,
1437 2295 1524 2339 post
1540 2300 1755 2327 π-ῦῡ-

196 2351 254 2396 67,
270 2351 352 2387 204.
394 2350 547 2398 Syllaba
572 2359 712 2395 anceps
736 2359 813 2384 una
838 2359 923 2385 cum
946 2348 1052 2385 hiatu
1076 2350 1237 2385 occurrit
1259 2350 1300 2385 in
1323 2349 1397 2386 fine
1414 2349 1757 2395 comprehensionis

195 2410 280 2452 post
313 2406 499 2443 adoneum
533 2406 588 2449 17,
612 2404 695 2449 334,
718 2403 801 2448 370,
827 2403 908 2448 668,
941 2406 1026 2449 post
1051 2411 1269 2439 π-ῦῦ-
1292 2405 1327 2449 4,
1357 2405 1448 2448 3233
1482 2405 1523 2440 in
1555 2404 1756 2440 levioribus

195 2462 327 2500 incisis
351 2462 464 2500 modo
496 2463 582 2509 post
606 2459 794 2498 adoneum
817 2459 901 2504 936,
925 2459 1007 2509 976,
1043 2461 1176 2498 Hiatus
1200 2461 1390 2497 admissus
1414 2463 1472 2497 est
1495 2461 1535 2497 in
1558 2461 1632 2497 fine
1657 2471 1757 2497 com-

195 2518 456 2566 prehensionis
487 2520 574 2564 post
605 2517 792 2568 adoneum
815 2516 874 2561 88,
907 2517 965 2561 97,
999 2517 1081 2562 685,
1111 2520 1196 2563 post
1219 2526 1439 2551 π-π-
1462 2517 1543 2561 658,
1568 2517 1650 2561 813,
1674 2517 1756 2560 969,

195 2574 286 2621 978;
310 2574 351 2611 111
374 2573 576 2612 levioribus
593 2571 722 2609 incisis
737 2574 824 2618 post
841 2571 1027 2609 adoneum
1044 2572 1101 2620 21,
1126 2573 1208 2619 206,
1224 2575 1310 2620 post
1334 2579 1552 2610 π-ῦῦ-
1575 2572 1657 2618 687,
1675 2572 1756 2609 778.

195 2632 239 2668 In
261 2632 386 2669 media
409 2630 597 2668 sententia
620 2627 768 2676 syllaba
791 2638 932 2675 anceps
956 2601 1119 2666 occurrit
1141 2630 1259 2667 octies
1282 2629 1354 2676 (26,
1378 2630 1436 2675 94,
1460 2630 1542 2674 306,
1567 2629 1649 2674 320,
1674 2629 1756 2674 342,

196 2689 278 2734 899,
292 2688 385 2732 -,965
410 2687 506 2733 979),
531 2686 678 2733 syllaba
701 2694 842 2729 anceps
866 2696 943 2722 una
968 2697 1052 2722 cum
1076 2686 1182 2722 hiatu
1206 2686 1264 2722 bis
1289 2686 1384 2732 (336,
1409 2686 1505 2732 362),
1530 2685 1656 2722 hiatus
1673 2689 1757 2731 post

177 2744 384 2788 ,adoneum
407 2743 467 2780 bis
490 2743 561 2789 (16,
585 2743 683 2789 897),
706 2741 793 2788 post
818 2749 1037 2779 υυ-υ-υ-
1059 2742 1143 2778 374.

137 2845 147 2849 ι,
232 2820 233 2823 =
340 2801 384 2847 ὀ)
408 2800 462 2836 De
485 2810 522 2835 v.
538 2799 621 2842 374,
647 2810 720 2845 quo
745 2800 870 2836 hiatus
893 2801 981 2845 post
995 2809 1111 2845 puros
1127 2801 1356 2843 anapaestos
1373 2798 1412 2834 111
1428 2764 1551 2834 media
1568 2798 1756 2834 sententia

197 2859 331 2902 exstat,
357 2857 403 2894 cf.
428 2856 529 2902 quod
552 2856 599 2893 de
623 2857 730 2893 Herc.
757 2856 837 2894 Oet.
853 2856 925 2893 598
949 2865 1064 2901 supra
1088 2855 1258 2891 diximus.

340 2911 385 2959 2⁷)
409 2912 493 2948 Non
524 2922 584 2947 me
614 2911 707 2958 fugit
739 2911 854 2948 etiam
885 2911 985 2947 inter
1017 2910 1183 2956 singulas
1215 2909 1372 2954 fabulas,
1406 2920 1502 2955 quae
1527 2909 1756 2945 Annaeanae

195 2967 413 3014 traduntur,
435 2978 609 3016 magnam
638 2965 888 3005 differentiam
917 2966 1074 3004 rationis
1096 2966 1340 3013 anapaestico.
1364 2967 1513 3004 cantica
1536 2966 1757 3003 conficiendi
