2041 3293
828 166 887 205 ..’..
937 173 1002 215 -67
1056 197 1123 206 ,-

265 303 468 349 natumque
499 303 612 338 sonat
635 299 769 353 flebilis
796 300 937 338 Atthis:
1080 301 1170 347 vidi,
1183 300 1272 338 ‘vidi
1295 301 1511 338 miseranda
1533 300 1609 338 mei

291 385 298 393 .
326 385 335 394 .
361 385 369 394 .
396 386 423 399 .,
432 384 700 394 ........
702 394 705 397 ⁴
730 385 737 393 .
765 383 772 392 .
800 383 807 392 .
836 365 859 393 .'
1081 357 1161 396 fata
1184 357 1363 403 parentis,
1388 368 1472 393 cum
1497 357 1644 393 letifero

291 438 300 449 .-
326 440 334 449 .
363 440 370 448 .
397 440 406 449 .
433 412 530 459 (202)
560 411 660 457 felix,
685 411 784 458 felix,
1016 442 1019 445 .
1083 413 1210 459 stipite
1234 413 1366 459 pulsus
1395 415 1475 449 tota
1498 412 1615 450 iacuit

266 479 351 506 cum
375 469 474 505 silva
497 468 631 505 domus
646 472 779 505 nostm
802 467 941 504 feretur
1083 477 1237 515 sparsus
1261 469 1302 504 in
1326 469 1432 505 aula:

267 524 463 571 patrioque
488 522 626 561 sedens
649 523 802 566 alesin·
818 534 908 571 agro
942 558 946 559 γ
1082 536 1117 575 ⁸1
1134 524 1167 561 si
1195 525 1379 577 tumulum
1405 525 1485 562 fata
1517 524 1721 571 dedissent,

266 581 425 621 referam
450 580 606 627 querulo
621 590 810 621 murmure
826 590 940 617 casus
1083 581 1274 628 quotiens,
1314 581 1474 627 genitor,
1522 583 1758 627 quaerendus

267 638 534 684 volucremque
563 636 676 677 lolem
696 636 808 684 ,fama
1440 639 1552 674 eras?

620 692 802 739 loquetur.

194 759 361 801 Paucos
395 758 514 800 locos
546 757 772 813 descripsi3
796 761 976 800 ,exstant
1004 757 1223 813 permulti:
1253 758 1380 800 Herc.
1404 758 1486 801 fur.
1510 759 1607 813 177,
1631 760 1758 814 1115,

193 829 286 872 Tro.
311 830 407 883 100,
430 829 527 882 113,
558 827 671 871 Med.
692 828 791 882 802,
815 828 972 871 Phaed.
994 829 1093 882 981,
1119 830 1267 884 Agam.
1290 830 1389 883 348,
1412 829 1516 883 Thy.
1539 830 1637 884 808,
1660 831 1758 884 818,

174 898 296 952 875,
325 897 454 939 Herc.
476 896 568 939 Oet.
591 896 688 951 614,
716 896 842 950 1863,
871 896 998 950 1872,
1022 892 1150 949 1894,
1173 897 1300 939 1909.
1344 896 1470 939 Hanc
1500 896 1656 941 adonei
1685 896 1759 940 ad-

196 964 369 1008 hibendi
402 963 612 1007 rationem
637 965 913 1007 Annaeanam
945 965 1102 1019 optime
1131 964 1192 1006 ita
1220 964 1433 1006 illustrare
1463 964 1570 1006 mihi
1600 964 1758 1020 videor,

195 1036 246 1077 ut
273 1037 439 1090 poetam
471 1034 663 1076 nostrum
687 1032 878 1076 membra
906 1034 1056 1087 (κῶλα)
1083 1033 1295 1076 rhetorica
1330 1032 1532 1076 membris
1568 1034 1759 1078 metricis

197 1100 417 1157 adaptasse
438 1100 589 1155 dicam,
611 1113 696 1155 quo
716 1100 887 1143 facilius
900 1100 1128 1143 verborum
1150 1101 1409 1143 constructio
1424 1101 1758 1158 intellegeretur.

158 1176 171 1188 '
195 1170 257 1213 Ut
278 1166 418 1225 ‘igitur
447 1184 472 1212 a
494 1168 737 1212 rhetoribus
762 1169 1163 1224 comprehensiones
1184 1171 1259 1212 aut
1277 1170 1462 1225 partium
1483 1170 1759 1225 comprehen-

198 1238 330 1280 sionis
366 1238 490 1291 fines,
526 1241 577 1279 ut
606 1237 675 1279 vel
711 1234 886 1279 auribus
916 1237 1249 1292 perciperentur,
1281 1238 1456 1280 metrice
1487 1237 1606 1280 exire
1636 1236 1759 1280 iube-

197 1306 363 1361 bantur,
398 1307 459 1348 ita
488 1305 661 1359 Seneca,
698 1298 855 1360 q'uippe
892 1306 967 1360 qui
996 1318 1051 1347 ne
1069 1306 1126 1347 'in
1158 1305 1353 1347 versibus
1385 1305 1558 1361 quidem
1589 1319 1759 1361 compo-

197 1374 350 1416 nendis
380 1386 426 1416 se
457 1374 669 1424 rhetorem
700 1385 794 1418 esse
810 1421 813 1424 ,
829 1374 1059 1428 negaverit,
1095 1374 1141 1415 in
1181 1364 1443 1416 carminibus
1479 1374 1760 1429 anapaesticis

197 1442 383 1484 adoneos
413 1441 720 1483 sententiarum
744 1440 959 1483 clausulae
984 1453 1162 1483 munere
1181 1440 1307 1495 fungi
1329 1441 1473 1484 voluit.
1517 1441 1636 1492 Quae
1662 1454 1761 1484 cum

128 1539 132 1543 ·
197 1510 257 1551 ita
285 1509 382 1562 sint,
414 1521 538 1551 nemo
564 1507 798 1562 mirabitur,
829 1508 943 1562 quod
963 1508 1079 1551 idem
1099 1508 1330 1550 artificium
1351 1509 1614 1552 rhetoricum
1634 1510 1761 1552 etiam

199 1577 262 1620 eis
299 1576 405 1619 locis
440 1579 593 1631 poetae
628 1580 773 1618 nostro
810 1588 857 1618 se
894 1575 1057 1630 obtulit,
1095 1576 1251 1631 quibus
1290 1578 1536 1631 ceteroquin
1572 1577 1761 1619 adoneus

197 1643 391 1688 variandi
421 1644 494 1686 illo
523 1644 624 1704 usui
656 1644 818 1686 Graeco
849 1643 1038 1686 inservit.
1086 1643 1220 1686 Cuius
1256 1644 1320 1687 rei
1351 1645 1545 1699 exempla
1580 1645 1759 1696 afferam

182 1732 185 1735 ·
200 1725 254 1756 ex
285 1712 492 1755 sescentis
522 1724 680 1768 pauca:

491 1778 574 1815 Tro.
592 1778 656 1815 83:
693 1778 791 1815 fidae
816 1789 927 1816 casus
951 1778 1070 1815 nostri
1096 1779 1275 1825 comites,

640 1880 642 1882 v
695 1835 828 1871 solvite
854 1835 1005 1879 crinem,
1031 1846 1098 1880 per
1121 1835 1218 1871 colla.
1242 1835 1360 1871 fluant

695 1892 842 1926 maesta
866 1890 993 1937 capilli
1016 1890 1142 1937 tepido
1158 1889 1290 1940 Troiae

696 1946 849 1991 pulvere
873 1949 1018 1991 turpes:

194 2014 378 2062 Duabus
418 2013 869 2081 comprehensionibus
904 2013 1088 2066 Troades
1126 2014 1331 2057 iubentur
1370 2015 1533 2063 crinem
1574 2015 1761 2067 solvere3

197 2083 331 2126 -verba
352 2081 508 2138 ‘tepido
531 2115 539 2124 .
561 2115 570 2123 .
593 2115 602 2124 .
623 2081 783 2136 turpes'
804 2081 1049 2133 attributive
1074 2094 1172 2124 cum
1195 2081 1367 2138 ‘capilli'
1388 2083 1616 2126 coniuncta
1634 2096 1761 2125 suum

201 2150 376 2206 explent
404 2153 560 2203 κῶλον,
592 2148 706 2204 quod
738 2148 898 2191 claudit
926 2148 1125 2191 adoneus.

471 2219 553 2255 Tro.
573 2219 664 2256 137:-
751 2224 774 2241 ἵ
1049 2222 1134 2266 post
1159 2220 1278 2256 elatos

503 2291 510 2298 ·
695 2275 871 2313 Hecubae
896 2278 1026 2322 partus
1051 2286 1252 2321 regumque
1282 2286 1431 2322 gregem

697 2335 887 2377 postrema
909 2334 1017 2377 pater
1040 2332 1174 2367 funera
1198 2331 1317 2367 cludis

697 2399 907 2436 magnoque
931 2387 1009 2425 Iovi
1032 2387 1186 2425 victima
1209 2398 1345 2424 caesus

699 2445 810 2491 Sigea
833 2444 970 2492 premis
995 2444 1106 2480 litora
1131 2448 1297 2480 truncus.

115 2531 118 2533 ·
199 2514 422 2558 Habemus
439 2513 559 2557 duas
590 2513 1003 2573 comprehensiones,
1035 2525 1214 2568 quarum
1248 2513 1426 2566 utraque
1456 2509 1618 2554 adoneo
1650 2511 1765 2554 clau-

204 2583 341 2636 ditur;
379 2581 455 2625 sed
490 2582 538 2624 in
573 2582 808 2637 posteriore
844 2581 1115 2637 participium
1153 2580 1399 2623 attributive
1437 2593 1537 2622 cum
1572 2579 1765 2622 subiecto

204 2652 481 2695 coniunctum
516 2657 596 2706 per
629 2648 839 2692 adoneum
877 2663 902 2692 a
937 2648 1082 2691 verbis
1118 2647 1477 2703 subsequentibus
1513 2647 1766 2703 seiungitur.

444 2728 583 2766 Phaed.
600 2728 665 2765 59:
918 2744 919 2747 ¹
1056 2731 1123 2766 tua
1147 2727 1324 2764 Gaetulos

702 2784 835 2834 dextra
858 2783 999 2830 leones,
1023 2786 1091 2820 lua
1114 2783 1291 2821 Cretaeas

701 2839 1040 2887 sequitur‘cervas3
1065 2850 1166 2876 nunc
1188 2839 1340 2875 veloces
1390 2836 1393 2839 ’

700 2897 784 2943 figis
809 2897 966 2934 damnas
990 2896 1132 2933 leviore
1155 2904 1288 2932 manu*

702 2953 769 2990 tibi
794 2953 886 2990 dant
909 2952 1038 2990 variae
1062 2954 1215 3000 pectora
1239 2951 1364 2998 tigres,

1553 3021 1598 3057 5*
