2041 3293
917 140 978 192 -’
1038 161 1095 203 68
1157 184 1217 194 ..-

781 259 850 326 tibi
873 261 998 326 vinosi
1021 291 1128 336 terga
1150 257 1320 326 bisontes

781 344 942 392 latisque
965 344 1035 382 feri
1060 344 1236 382 cornibus
1259 345 1329 400 uri.

772 400 961 448 'quidquid
984 401 1078 438 solis
1101 401 1270 449 pascitur
1292 401 1406 448 arvis,

781 458 863 495 sive
877 458 981 512 'iilud
1003 458 1126 496 Arabs
1150 458 1266 496 divite
1289 459 1405 500 silva„

778 514 860 551 sive
881 514 975 552 illud
997 515 1108 562 inops
1130 515 1238 553 novit
1261 514 1471 553 Garamans

673 571 749 618 (71)
772 571 978 618 vacuisque
1001 582 1122 617 vagus
1144 571 1319 609 Sarmata
1333 571 1496 618 campis,
1523 599 1531 607 .
1551 598 1559 607 .
1579 599 1587 608 .
1751 622 1757 630 Ι

279 637 333 680 Iu
363 650 431 679 vv.
454 637 627 680 59—61
660 636 901 680 subiectum
933 640 977 680 et
1004 637 1295 693 praedicatum
1319 650 1407 681 non
1432 639 1640 691 mutatum
1672 640 1716 680 at
1740 638 1850 681 duae

279 717 350 747 res
371 718 378 724 ‘
385 704 629 760 praedicato
666 703 858 748 obiectae
895 708 1008 763 sunt,
1047 711 1157 761 quae
1193 719 1280 748 non
1317 704 1442 748 modo
1480 719 1558 762 per
1593 705 1849 762 anaphoram

279 773 369 827 (tua
399 775 457 804 ·—‘
486 771 586 827 tua),
611 770 689 815 sed
713 771 842 815 etiam
865 785 944 828 per
966 772 1156 816 adoneos
1178 774 1475 837 seiunguntur.
1522 773 1661 818 Simili
1685 775 1850 818 ratione

279 840 349 883 vel
391 839 584 901 duorum*
604 839 886 884 xdiversorum
929 839 1219 885 subiectorum
1262 841 1443 886 alterum
1486 842 1538 885 ab
1581 842 1714 886 altero
1760 845 1850 886 arte

278 908 467 962 metrica¹
495 910 739 964 separatum
779 911 845 951 est
882 921 949 952 vv.
979 909 1153 952 64-65
1192 913 1236 952 et
1265 923 1333 952 vv.
1363 910 1564 953 δ’ἵ-Ή.ἱ
1601 909 1730 956 Nulla
1765 910 1851 954 iam

277 972 562 1033 illustratione
578 978 721 1033 ,egent
749 976 797 1019 hi
825 977 933 1021 loci:

547 1053 644 1090 Med.
661 1052 753 1090 808:
1137 1064 1327 1099 assuesce,
1352 1049 1509 1111 manus,

779 1109 963 1156 stringere
987 1110 1127 1164 ferrum
1152 1120 1334 1157 carosque
1358 1110 1437 1157 pati

742 1189 745 1191 -
774 1176 889 1212 posse
914 1177 1067 1204 cruores
1092 1187 1138 1194 —

527 1223 666 1261 Phaed.
684 1225 751 1261 23:
778 1225 876 1261 alius
900 1235 1033 1271 rupem
1057 1226 1176 1262 dulcis
1199 1226 1374 1272 Hymetti,

621 1334 624 1336 Β
778 1289 917 1326 parvas
941 1280 1039 1317 alius
1065 1280 1186 1318 calcet
1208 1280 1433 1328 Aphidnasz.

685 1339 753 1375 54:
778 1339 871 1382 ades
896 1350 946 1375 en
970 1340 1110 1385 comiti,
1136 1339 1225 1375 diva
1248 1341 1390 1385 virago,

755 1397 759 1401 “
783 1394 890 1431 cuius
914 1405 1030 1441 regno
1054 1406 1143 1442 pars
1167 1398 1352 1432 terrarum

782 1453 1075 1495 secretavacat,
1102 1451 1209 1487 cuius
1234 1450 1346 1487 certis

779 1506 919 1553 petitur
941 1506 1027 1543 telis
1051 1506 1132 1544 fera
1156 1517 1253 1554 quae
1276 1506 1439 1554 gelidum

779 1565 891 1609 potat-
908 1564 1061 1601 Araxen
1085 1566 1123 1600 et
1148 1575 1244 1609 quae
1268 1564 1387 1600 stanti

779 1619 876 1656 ludit
898 1619 940 1655 in
961 1619 1098 1656 Histro.

279 1686 370 1730 Iam
398 1686 505 1730 ⁴loco
547 1686 622 1732 illo
666 1699 795 1741 quem
838 1699 966 1741 supra
1008 1685 1314 1742 descripsimus
1353 1686 1494 1741 (Herc.
1508 1684 1511 1687 ’
1526 1686 1617 1729 Oet.
1650 1687 1734 1729 189
1745 1699 1854 1741 sqq„-

278 1768 371 1810 pag.
391 1755 446 1796 66
463 1755 540 1809 sq.)
560 1754 752 1797 adoneus
772 1754 932 1810 ‘stipite
951 1754 1116 1810 pulsus’
1132 1757 1185 1809 (v,
1203 1755 1413 1808 2091n0n
1433 1754 1650 1797 clausulae
1670 1767 1848 1798 munere

277 1823 485 1879 fungitur,
516 1823 592 1865 sed
621 1822 896 1879 participium
927 1822 1174 1865 attributive
1214 1835 1313 1865 cum
1344 1822 1536 1865 subiecto
1569 1823 1849 1865 coniunctum

230 1896 234 1897 ’
278 1904 305 1932 a
336 1891 478 1933 verbis
510 1889 790 1945 sequentibus
813 1890 1048 1944 seiungens
1073 1889 1300 1933 variationi
1318 1889 1509 1932 inservit.
1555 1889 1676 1932 Haec
1695 1889 1849 1932 adonei

278 1957 511 2001 adhibendi
539 1958 649 2011 ratio
679 1957 922 2014 singularis,
954 1970 1040 2012 qua
1068 1957 1182 2013 idem
1214 1957 1406 2000 adoneus
1437 1959 1481 2000 et
1501 1956 1693 2000 variandi
1720 1970 1849 2004 causa

277 2028 513 2082 usurpatur
542 2029 586 2069 et
614 2025 845 2068 verborum
884 2026 1196 2068 constructioni
1230 2025 1400 2069 facilius
1436 2024 1747 2082 intellegendae
1782 2019 1848 2069 iii-3

270 2095 424 2150 servit,
456 2093 613 2150 effecit,
651 2097 700 2137 ut
729 2106 858 2150 saepe
888 2093 1042 2149 longus
1073 2093 1178 2137 ordo
1206 2093 1403 2138 brevium
1434 2094 1721 2138 membrorum
1751 2094 1848 2138 rhe-

278 2164 511 2206 toricorum
549 2164 611 2206 ita
650 2162 867 2217 decurrat,
905 2164 953 2204 ut
988 2162 1157 2218 singula
1192 2162 1383 2220 membra
1417 2162 1632 2205 rhetorica
1667 2162 1848 2218 singulis
1901 2157 1904 2162 ’
1937 2138 1940 2142 ’

279 2231 483 2276 membris
518 2232 726 2294 metricis,
764 2243 875 2287 quae
912 2243 968 2274 ex
1004 2235 1139 2275 metro
1177 2232 1445 2288 anapaestico
1480 2244 1569 2284 uno
1607 2232 1651 2274 et
1684 2231 1847 2274 adoneo

279 2301 487 2354 constant,
510 2301 824 2354 exprimentum
847 2298 962 2354 quod
981 2300 1068 2341 iam
1088 2312 1144 2342 ex
1165 2300 1230 2342 eis
1249 2299 1470 2355 exemplis,
1491 2311 1602 2353 quae
1617 2298 1847 2357 attulimuS,

278 2370 465 2424 apparet,
497 2367 652 2422 quippe
684 2380 784 2410 cum
813 2379 1017 2422 persaepe
1048 2366 1162 2409 binis
1192 2367 1469 2410 monometris
1488 2391 1548 2398 —
1574 2369 1847 2421 anapaestum
1875 2359 1880 2364 ’

278 2435 376 2477 dico
408 2438 452 2477 et
480 2433 692 2476 adoneum
708 2434 919 2489 (ov-w
938 2431 945 2493 Ι
965 2434 1172 2486 -υυ’--)
1190 2458 1260 2479 ,-
1291 2434 1495 2490 singulae
1516 2433 1753 2477 sententiae
1779 2434 1849 2477 vel

278 2503 590 2546 sententiarum
619 2506 761 2557 partes
792 2503 1101 2546 contineantur.
1146 2502 1299 2558 Neque
1324 2515 1425 2546 vero
1447 2503 1602 2546 desunt
1627 2501 1723 2557 loci,
1754 2504 1848 2557 qui-

278 2571 359 2614 bus
388 2570 595 2614 membris
622 2570 708 2613 illis
738 2571 1160 2627 anapaesto-adoneis
1190 2584 1278 2614 non
1301 2571 1491 2615 membra
1511 2570 1725 2614 rhetorica
1747 2571 1848 2614 sub·
1890 2568 1893 2569 ⁷
1924 2619 1927 2622 ,

277 2639 391 2682 iecta
420 2640 533 2694 sunt,
563 2637 652 2681 sed'
671 2638 780 2680 nihil
809 2639 895 2681 nisi
924 2642 1158 2682 metrorum
1188 2639 1377 2682 varietas
1399 2639 1572 2695 petitur,
1602 2638 1741 2684 velut:

278 2730 384 2767 Herc.
401 2708 472 2767 fur.
496 2718 585 2767 139:
617 2730 749 2776 pastor
778 2729 901 2775 gelida
930 2740 1028 2767 cana
1170 2740 1314 2767 vacuae
1339 2732 1516 2776 reparant
1546 2730 1663 2766 ubera
1689 2731 1846 2774 matres3

854 2787 988 2832 pruina
1099 2785 1195 2822 Med.
1224 2786 1296 2822 817
1307 2797 1315 2822 ε
1357 2788 1398 2823 tu
1438 2796 1539 2823 nunc
1579 2787 1706 2822 vestes
1745 2785 1846 2831 tinge

350 2851 460 2889 grege
486 2842 642 2880 dimisso
666 2841 808 2889 pabula
832 2843 967 2893 carpit;
1599 2840 1774 2887 Creusae,

349 2899 445 2936 ludit
467 2902 577 2946 prato
599 2899 695 2936 liber
725 2902 856 2946 aperto
1132 2933 1136 2937 ,
1172 2908 1265 2945 quas
1307 2908 1392 2934 cum
1431 2897 1594 2944 primum
1634 2898 1858 2950 sumpserit,
1918 2899 1936 2907 ”

348 2955 517 2992 nondum
541 2950 654 3002 rupta
682 2955 805 2991 fronte
833 2954 1037 3000 iuvencus„
1600 2954 1698 2991 imas
