2041 3293
862 177 942 185 ,.-
1004 140 1147 194 61.-

228 282 497 338 respicienda
519 288 663 337 erunt,
695 285 743 325 ut
761 284 1049 338 pernoscatur,
1081 287 1127 326 et
1144 282 1248 338 quid
1272 283 1462 326 docendo
1492 282 1546 326 ad
1576 253 1797 339 poetarum
1862 276 1869 282 ⁵

230 350 506 406 antiquorum
537 363 686 394 versus
717 349 1037 406 cognoscendos
1068 349 1299 406 conferant,
1331 355 1374 406 et
1395 363 1480 406 quo
1500 349 1625 394 modo
1649 344 1817 405 recen?
1886 339 1889 341 ⁴

227 419 388 462 tiorum
434 421 652 474 poetarum
700 420 745 461 et
783 419 1057 460 metricorum
1103 419 1245 461 studia
1288 421 1401 461 inter
1444 431 1491 461 se
1533 418 1798 479 cohaereant.

226 477 382 541 Itaque
405 486 593 542 primum
616 485 789 541 quidem
811 485 864 528 de
885 486 1145 541 tragicorum
1170 487 1408 543 anapaestis
1432 498 1620 542 agemuS,
1643 485 1798 530 deinde
1870 508 1873 512 ·

230 554 471 597 doctrinam
512 554 744 607 metricam,
784 566 913 608 quam
952 555 1087 596 aetate
1129 553 1425 596 Alexandrina
1448 554 1523 603 ,ex'
1561 553 1798 617 carminum

230 624 425 665 veterum
455 621 752 664 observatione
782 621 1016 677 profectam
1048 633 1142 664 esse
1172 621 1344 676 scimus,
1383 622 1666 676 tractabimus,
1705 623 1796 664 tum

226 693 450 744 poetarum
479 690 766 732 recentiorum
796 690 842 731 in
874 701 1002 731 usum
1025 689 1304 743 inquiremuS‚
1336 689 1521 746 denique
1544 691 1796 745 scriptorum

231 758 504 799 metricorum
537 761 762 812 praecepta
792 770 877 812 quo
909 756 1034 799 modo
1066 756 1307 811 quibusque
1339 757 1392 799 de
1422 759 1563 800 causis
1593 756 1798 813 paulatim

229 828 392 867 mutata
420 825 507 867 sint
537 819 933 868 demonstrabimus.
975 818 979 820 ⁷

905 1070 1056 1126 Caput
1087 1070 1129 1114 Ι.
1182 1094 1185 1096 >

334 1166 405 1209 De
443 1168 831 1221 anapaestorum
871 1178 981 1219 usu,
1023 1166 1190 1219 qualis
1226 1167 1277 1207 in
1315 1165 1692 1219 tragoediarum

596 1233 897 1275 Graecarum
940 1233 1160 1275 canticis
1200 1233 1442 1275 occurrit.

374 1330 716 1383 Anapaestorum
747 1328 1005 1382 tragicorum
1037 1327 1227 1369 omnium
1258 1328 1470 1370 notissimi
1501 1330 1601 1370 sunt
1632 1328 1682 1382 ei,
1724 1328 1797 1382 qui

228 1397 274 1437 in
306 1395 476 1451 parodis
507 1395 829 1438 adhibebantur.
882 1395 1010 1449 Quos,
1043 1409 1140 1437 cum
1171 1396 1257 1438 iam
1287 1396 1389 1438 satis
1420 1395 1473 1438 ab
1505 1396 1600 1439 aliis
1629 1397 1799 1438 tractati

226 1464 326 1518 sint,
365 1463 452 1506 nisi
482 1477 552 1507 res
584 1464 738 1518 exiget,
778 1477 864 1506 non
896 1464 1111 1519 attingam.
1162 1464 1261 1506 Non
1297 1464 1439 1506 minus
1474 1465 1520 1505 in
1557 1477 1640 1506 usu
1678 1466 1799 1506 eraut

226 1531 445 1586 anapaesti
473 1531 548 1585 illi,
580 1531 655 1585 qui
680 1532 919 1583 θρηνητικοὶ
942 1533 1164 1584 vocantur,
1195 1543 1335 1585 neque
1361 1530 1526 1585 desunt,
1557 1531 1634 1585 qui
1658 1530 1710 1573 de
1736 1531 1798 1572 eis

228 1599 489 1653 scripserint,
521 1611 779 1652 quamquam
812 1611 895 1652 quo
927 1597 1051 1640 modo
1077 1598 1157 1640 hae
1180 1598 1342 1640 formae
1371 1598 1574 1653 paulatim
1602 1598 1798 1640 excultae
1848 1606 1851 1609 '

228 1669 272 1708 et
301 1669 487 1708 mutatae
519 1667 607 1708 sint
637 1666 776 1708 adhuc
806 1678 932 1708 nemo
964 1656 1070 1708 satis
1098 1660 1476 1720 dem'onstravit1).,
1506 1666 1589 1709 Sed
1625 1678 1682 1709 ne
1718 1662 1798 1707 hac

229 1733 402 1788 quidem
435 1734 488 1776 de
521 1746 568 1775 re
599 1734 679 1776 hoc
710 1734 915 1789 opusculo
941 1733 1218 1789 disputemus,
1251 1747 1349 1776 cum
1381 1747 1455 1776 eae
1485 1734 1658 1788 formae,
1691 1745 1798 1788 quae

194 1811 197 1815 ’
231 1806 315 1844 tam
347 1801 674 1856 insequentibus
705 1802 966 1857 temporibus
996 1815 1123 1856 quam
1148 1802 1318 1857 imperii
1346 1802 1528 1845 Romani
1559 1803 1695 1845 aetate
1726 1800 1799 1843 ad·
1854 1833 1860 1846 1

228 1869 497 1923 hibebantur,
529 1869 701 1912 aliunde
732 1873 925 1925 sumptae
950 1870 1046 1912 sint.
1079 1869 1269 1921 Quarum
1297 1870 1459 1913 fontem
1491 1870 1575 1913 viri
1605 1870 1718 1914 ,docti
1749 1881 1798 1911 ea

229 1937 283 1980 de
314 1950 445 1979 causa
475 1950 561 1979 non
591 1938 862 1998 perspexisse
893 1938 999 1979 mihi
1020 1938 1229 1992 videntur,
1262 1937 1375 1992 quod
1395 1938 1651 1993 parodorum
1672 1937 1798 1992 tragi-

230 2017 380 2048 corum
415 2008 456 2047 et
485 2009 646 2056 πνιγῶν
678 2018 788 2060 quae
825 2006 1028 2048 dicuntur
1058 2006 1319 2049 comicorum
1349 2006 1566 2063 anapaesti
1606 2005 1797 2048 omnium

229 2073 379 2116 oculos
400 2073 535 2116 veluti
564 2073 722 2116 nebula
752 2074 1043 2117 occaecabant.
1073 2074 1198 2117 Latet
1217 2078 1361 2117 autem
1380 2087 1482 2117 vera
1511 2074 1796 2117 recentiorum

230 2141 465 2184 formarum
500 2142 625 2184 radix
661 2143 706 2184 in
740 2142 918 2185 canticis
955 2143 1144 2197 tragicis,
1187 2142 1240 2201 de
1278 2156 1477 2197 quorum,
1500 2155 1580 2185 usu
1617 2154 1798 2196 anapae-

228 2210 392 2252 storum
424 2210 628 2252 nonnulla
660 2210 833 2265 quidem
865 2211 1085 2253 observata
1117 2214 1228 2265 sunt,
1258 2224 1398 2266 neque
1423 2224 1525 2254 vero
1552 2213 1626 2253 aut
1656 2209 1798 2252 omnia

228 2277 343 2320 dicta
373 2279 449 2319 aut
479 2280 594 2320 certa
624 2279 790 2321 ratione
820 2280 1007 2321 tractata.
1059 2279 1209 2333 Itaque
1241 2279 1322 2321 hoc
1353 2279 1492 2334 capite
1523 2278 1661 2333 qualis
1692 2289 1797 2318 usus

228 2346 556 2401 anapaestorum
587 2346 632 2388 in
658 2346 849 2401 partibus
873 2346 1022 2400 lyricis
1042 2346 1357 2401 tragoediarum
1378 2346 1637 2389 Graecarum
1665 2344 1799 2386 fuerit

230 2409 583 2466 demonstrab02).
622 2403 729 2464 'Qua
762 2415 809 2455 in
846 2427 894 2470 re
931 2414 1063 2458 multa
1100 2414 1273 2469 quidem
1310 2418 1411 2456 nota
1450 2414 1610 2465 dicam3
1657 2416 1798 2454 tamen

230 2482 361 2523 totius
392 2481 455 2523 rei
487 2482 622 2535 gratia
654 2483 697 2524 et
726 2483 832 2524 haec
863 2495 1194 2525 commemorare
1225 2483 1330 2524 mihi
1361 2482 1496 2525 liceat.

376 2596 400 2642 ¹)
426 2595 564 2632 Paucis
596 2596 721 2631 verbis
751 2596 849 2632 hanc
880 2608 959 2632 rem
991 2597 1115 2643 attigit
1139 2596 1271 2633 Kaibel
1301 2597 1341 2633 in
1371 2597 1541 2634 Electrae
1567 2595 1797 2641 Sophocleae

230 2652 393 2688 editione
418 2663 527 2698 pagg.
545 2651 699 2688 82-83.

372 2708 399 2754 ⁸)
424 2708 617 2744 Editiones
656 2708 809 2744 adhibui
843 2709 931 2745 has:
969 2709 1145 2756 Aeschyli
1172 2709 1393 2745 Weilianam
1426 2707 1565 2755 (1903),
1603 2707 1797 2753 Sophoclis

229 2763 537 2801 mndorfianam‘
562 2763 696 2810 (1896),
723 2764 908 2810 Euripidis
932 2765 1207 2811 Murrayanam.
1254 2764 1395 2810 Quibus
1420 2765 1514 2801 locis
1539 2764 1696 2809 aliorum
1721 2764 1797 2812 lecf

227 2819 353 2856 tiones
383 2820 550 2866 probavi,
581 2820 654 2856 hoc
685 2821 823 2855 notavi.
864 2821 1140 2867 Nonnunquam
1164 2821 1384 2858 Schroederi
1416 2820 1530 2857 editio
1561 2820 1796 2867 canticorum

227 2875 512 2922 Euripideorum
534 2875 657 2923 (1910)
686 2875 863 2912 iudicium
893 2887 1018 2913 meum
1047 2877 1215 2913 mutavit.
1258 2876 1414 2923 saepius
1439 2876 1551 2913 huius
1575 2875 1647 2912 viri
1672 2875 1796 2923 digss-
1850 2918 1852 2920 v

228 2932 375 2972 sionem
399 2943 507 2969 meae
532 2932 736 2979 digessioni
762 2932 899 2969 addidi.
