2041 3293
877 206 1174 248 ..37ss

240 335 359 393 apud
379 336 653 390 rhythmicos,
667 336 895 390 scriptores
925 333 1017 378 orta
1048 338 1122 388 est,
1152 348 1240 377 non
1260 335 1374 390 apud
1398 335 1597 377 metricos
1617 333 1805 377 Alexan-

245 403 402 446 drinos,
452 404 601 446 Restat
641 404 775 458 igitur
816 403 897 445 hoc
937 403 1030 445 loco
1073 402 1272 456 Dionysii
1315 402 1553 444 observatio
1597 402 1805 456 quaedam

212 521 214 523 ,
243 471 473 526 singularis
502 472 811 526 rhythmorum,
842 474 954 526 quae
984 474 1074 513 arte
1105 469 1269 513 musica
1296 471 1466 526 vigente
1489 470 1804 524 instituebatur,

204 581 212 590 .
244 539 320 582 ubi
357 540 543 595 primum
584 540 751 581 cantica
779 539 853 580 illa
890 552 977 581 non
1009 540 1093 580 iam
1133 542 1300 581 cantata
1337 540 1448 590 sunt,
1489 538 1596 579 nihil
1627 538 1805 581 valebat.

244 602 372 659 Docti
403 608 484 650 viri
516 607 800 650 Alexandrini
837 608 952 649 omni
990 606 1285 649 observatione
1322 607 1616 660 rhythmorum
1648 608 1808 648 reiecta
1867 626 1869 628 ·

244 676 326 717 arti
343 676 543 717 metricae
564 687 735 729 operam
756 674 985 725 dederunt3
1008 687 1093 728 qua
1112 686 1159 715 re
1179 674 1340 716 factum
1362 676 1438 727 est,
1461 677 1518 727 ut,
1539 686 1625 728 qna
1640 675 1806 716 ratione

244 746 430 796 systema
449 741 554 789 illud
577 734 832 796 dactylicum
854 741 1110 796 appellatum
1131 744 1253 794 esset,
1285 755 1369 783 non
1392 743 1475 783 iam
1497 741 1805 795 intellegerent.

245 809 329 860 Qui
358 804 455 852 cum
486 809 596 851 nihil
625 810 709 851 iam
733 809 938 863 viderent5
969 809 1054 851 nisi
1084 808 1293 855 diaeresin
1325 808 1492 862 deesse‚‘
1514 821 1564 852 ea
1594 809 1648 851 de
1678 822 1808 851 causa

245 878 569 933 appellationem
607 881 739 919 ortam
772 890 865 920 esse
894 877 1109 932 putabant.
1155 877 1313 931 Restat,
1344 879 1393 919 ut
1424 890 1689 932 quaeramuS,
1721 891 1807 932 qua

241 959 291 988 re
319 947 481 989 factum
512 947 578 999 sit,
616 950 666 988 ut
688 946 936 988 Victorinus
974 945 1229 999 dactylicam
1259 946 1477 1000 anapaesti
1507 945 1685 987 formam
1718 959 1803 988 non

244 1013 369 1056 modo
385 1015 430 1055 in
447 1014 723 1068 anapaesticO‚
740 1013 815 1061 sed
830 1013 957 1055 etiam
972 1013 1017 1054 in
1031 1012 1242 1067 dactylico
1256 1012 1371 1067 quod
1384 1016 1561 1062 vocatur
1573 1015 1802 1067 systemate

242 1081 435 1124 adhiberi
475 1082 598 1135 dicat,
639 1095 736 1124 cum
767 1081 996 1135 Euripides
1035 1084 1212 1135 praeter>
1243 1081 1453 1135 spondeos
1486 1086 1529 1123 et
1558 1082 1673 1135 ipsos
1704 1095 1804 1123 ana-

242 1151 410 1203 paestos
441 1149 543 1191 alias
573 1149 734 1211 formas
769 1162 857 1190 non
888 1148 1115 1190 admiserit.
1162 1148 1260 1190 Mea
1291 1148 1463 1203 quidem
1504 1149 1714 1191 sententia
1744 1150 1804 1191 ita

242 1229 311 1259 res
350 1229 396 1259 se
438 1216 583 1265 habet:
627 1216 751 1258 Docti
796 1216 879 1257 viri
920 1216 1203 1258 Alexandrini
1244 1217 1352 1257 nihil
1395 1217 1612 1270 curabant,
1655 1220 1801 1258 utrum

243 1284 436 1338 dactylus
467 1284 634 1331 adesset
663 1296 808 1338 necne,
839 1283 952 1337 quod
982 1284 1067 1325 iam
1097 1283 1150 1326 de
1180 1284 1328 1326 formis
1357 1284 1442 1326 illis
1472 1283 1667 1338 vidimus,
1699 1297 1804 1339 quas

243 1352 507 1395 catalecticas
543 1352 752 1394 vocabant
789 1353 897 1406 (pag.
920 1352 1003 1406 35).
1044 1351 1204 1405 -Poetae
1246 1356 1389 1401 autem
1418 1352 1572 1406 Latini,
1613 1354 1687 1406 qui
1717 1353 1804 1394 for-

241 1432 407 1462 marum
447 1420 691 1462 varietatem
729 1433 754 1461 a
791 1419 964 1461 Graecis
1003 1421 1294 1474 susceperunt,
1335 1419 1410 1461 sed
1450 1420 1582 1461 multo
1621 1420 1801 1462 liberius

241 1488 409 1543 singula
429 1490 562 1530 metra
583 1488 811 1544 variabant,
836 1500 964 1541 quam
985 1486 1136 1529 Graeci
1156 1487 1249 1542 ipsi,
1271 1487 1381 1541 quod
1407 1487 1459 1529 de
1479 1487 1630 1530 Plauto
1656 1501 1802 1530 omnes

241 1556 394 1610 sciunt,
434 1555 625 1610 dactylos
666 1555 827 1609 ubique
866 1555 1073 1609 ferebant,
1111 1559 1155 1597 et
1183 1555 1229 1596 in
1270 1556 1507 1610 anapaestis
1547 1555 1801 1610 parodorum

244 1627 287 1665 et
315 1623 588 1678 inpartibus
626 1624 787 1677 lyricis.
835 1623 927 1673 Quo
970 1623 1131 1665 factum
1174 1624 1248 1676 est,
1294 1625 1341 1664 ut
1380 1624 1581 1665 metricus
1621 1624 1802 1679 scriptor

242 1690 430 1746 Latinus,
460 1690 612 1734 Latino
634 1690 829 1747 exemplo
855 1691 995 1745 nixus,
1026 1691 1071 1733 in
1092 1695 1273 1745 utroque
1298 1695 1525 1745 systemate
1551 1697 1802 1746 anapaestos

244 1765 287 1802 et
315 1759 505 1813 dactylos
536 1761 692 1801 mixtos
724 1772 816 1801 esse
847 1759 1028 1801 doceret.
1595 1755 1604 1762 “

384 1827 472 1870 Iam
513 1827 567 1870 ad
604 1827 766 1871 Stoicos
802 1828 1077 1870 transeamus.
1125 1827 1241 1878 Quos
1281 1841 1367 1870 non
1407 1841 1540 1870 novas
1579 1829 1694 1883 leges
1735 1830 1800 1871 rei

242 1897 441 1938 metricae
462 1896 729 1937 constituisse
750 1895 850 1938 inde
880 1900 1063 1950 apparet,
1094 1895 1207 1950 quod
1237 1896 1283 1936 in
1308 1895 1505 1938 omnibus
1529 1896 1668 1951 rebus,
1694 1909 1800 1951 quas

242 1964 295 2007 de
325 1965 562 2020 anapaestis
594 1964 841 2019 docuerunt,
873 1964 1190 2007 Alexandrinos
1221 1966 1358 2008 secuti
1388 1968 1499 2008 sunt.
1535 1965 1655 2008 Idem
1687 1967 1801 2008 enim

242 2033 295 2076 de
337 2033 521 2087 dactylo,
565 2033 677 2075 idem
718 2033 770 2075 de
814 2033 1054 2088 digessione
1095 2035 1198 2076 κατὰ
1238 2035 1391 2086 μέτρον
1432 2035 1798 2089 praecripserunt;

242 2102 354 2156 quod
395 2115 451 2144 ex
482 2103 555 2155 eis,
597 2114 705 2155 quae
746 2097 875 2156 supra
914 2101 1202 2154 disseruimus,
1238 2102 1510 2156 intellegitur.
1558 2102 1640 2144 Sed
1672 2115 1722 2144 ea
1753 2116 1799 2144 re

241 2170 293 2213 ab
310 2169 615 2212 Alexandrinis
636 2169 902 2223 differebant,
924 2168 1038 2223 quod
1053 2182 1255 2211 versuum
1278 2170 1485 2223 originem
1507 2170 1799 2225 philosophica

166 2232 169 2234 ’
241 2238 422 2292 quadam
447 2239 610 2280 ratione
633 2237 880 2291 intellegere
903 2237 1141 2279 studebant.
1187 2237 1336 2291 Itaque
1358 2250 1504 2279 omnes
1524 2250 1674 2279 versus
1699 2251 1799 2280 ana-

239 2306 458 2361 paesticus,
480 2318 586 2359 quos
608 2305 890 2347 Alexandrini
911 2305 1178 2347 catalecticos
1198 2305 1418 2357 vocabant,
1441 2318 1495 2347 ex
1517 2306 1647 2347 heroo
1670 2318 1796 2347 versu

240 2373 498 2416 derivabant.
530 2371 640 2415 Vide
664 2372 769 2415 Mar.
791 2373 950 2415 Victor.
972 2372 1128 2418 GLJV1
1150 2373 1247 2426 123,
1270 2373 1426 2428 5—13,
1460 2373 1533 2415 ubi
1565 2373 1617 2415 de
1648 2387 1797 2428 paroe-

239 2443 373 2492 miaco
405 2442 564 2497 agitur:
608 2441 652 2483 Ε
679 2442 810 2484 tribus
848 2447 983 2483 autem
1019 2444 1250 2497 anapaestis
1291 2443 1513 2484 coniunctis
1552 2442 1698 2484 ultima
1733 2442 1798 2484 his

237 2510 393 2567 syllaba
433 2504 725 2563 catalectica12)
768 2510 974 2552 accedente
1011 2542 1051 2551 ..
1073 2543 1082 2551 .
1119 2510 1371 2564 formabitur
1415 2510 1557 2566 epodos
1601 2525 1649 2552 ex
1693 2525 1796 2553 ana-

232 2580 407 2634 paestico
445 2592 527 2620 non
558 2577 700 2620 absone
739 2582 864 2620 metro
902 2577 1020 2620 heroo
1049 2578 1303 2634 respondens,
1344 2592 1415 2620 nee
1445 2579 1665 2620 immerito:
1698 2592 1796 2621 nam

238 2651 415 2701 retracta
444 2646 562 2689 heroo
583 2645 900 2701 penthemimere
929 2651 1030 2688 tome
1051 2660 1157 2701 pars
1186 2647 1272 2688 eius
1301 2647 1468 2688 residua
1496 2646 1602 2688 hanc
1627 2647 1797 2702 epodum

237 2713 361 2768 dabit,
391 2714 496 2756 velut
525 2714 605 2755 ‘vos
633 2727 656 2755 o
685 2712 888 2770 Galliope',
925 2713 1069 2756 dehinc
1099 2712 1255 2769 ‘precor
1290 2714 1499 2769 adspirate
1529 2715 1714 2756 eanenti’.
1751 2714 1797 2756 id

384 2826 426 2870 ¹²)
448 2826 516 2860 Hie
532 2824 713 2860 terminus
724 2824 999 2868 Alexandrinus
1012 2835 1036 2860 a
1048 2824 1183 2860 Stoicis
1199 2824 1443 2870 scriptoribus
1460 2825 1624 2861 metricis
1642 2825 1794 2871 saepius

236 2883 447 2926 usurpatur,
473 2891 698 2927 quamquam
723 2880 772 2916 ab
796 2880 964 2927 ipsorum
980 2880 1177 2926 disciplina
1193 2880 1386 2924 abhorret;
1412 2880 1458 2916 ef.
1471 2881 1558 2926 Leo,
1584 2880 1653 2917 Ein
1669 2880 1794 2917 metri-

235 2934 344 2986 sches
374 2937 518 2983 Fragm.
550 2947 618 2972 aus
649 2936 926 2983 Oxyrhynchus,
957 2929 1091 2973 Nachr.
1115 2936 1149 2972 d.
1174 2936 1271 2973 Gett.
1293 2936 1377 2973 Ges.
1401 2936 1435 2972 d.
1448 2937 1569 2981 Wiss.,
1601 2936 1794 2983 phil-hist.

218 2989 290 3026 -KL
310 2990 413 3036 1899,
439 3003 522 3039 pag.
541 2992 621 3029 504.
