2041 3293
837 182 1128 226 *49—

198 304 406 358 diaeresis
451 313 618 357 aberat:
665 322 867 357 versuum
909 314 1030 357 1-—3
1075 314 1256 357 formam
1303 314 1520 358 Lucianus
1566 312 1763 356 adhibuit

188 380 373 437 Tragod.
396 382 480 429 202
501 382 550 424 in
569 382 757 426 carmine
777 383 1068 437 anapaestico:
1093 383 1614 443 περικονδυλοπωροφίλα,
1634 395 1762 436 quam

199 448 484 493 Alexandrini
510 436 782 505 appellabant
816 441 1227 505 brachycatalectam
1257 450 1326 501 (cf.
1352 463 1481 505 supra
1511 453 1653 492 annot.
1679 451 1761 503 14).

200 516 418 560 Versuum
447 518 476 560 4
507 519 552 560 et
581 517 638 559 31
669 516 885 560 formam
873 531 920 559 m
939 517 980 560 N
982 517 1250 573 iloplotarum
1275 517 1519 560 cantilena
1507 518 1762 572 invenimuS,

199 587 489 640 paroemiacos
510 584 769 639 saepissime.
799 584 997 631 Clemens
1012 587 1164 640 autem,
1181 593 1231 628 ut
1250 588 1511 628 monometer
1531 599 1554 628 a
1571 586 1764 628 clausula

199 655 507 710 segregaretur,
538 653 726 695 omnium
754 665 958 696 versuum
982 657 1143 709 partem
1173 654 1358 710 priorem
1383 654 1664 709 a‘posteriore
1687 666 1764 709 per

199 722 413 765 diaeresin
451 721 637 774 seclusit,
666 727 716 763 y.
739 721 803 763 101
834 723 1024 776 excepto.
1072 721 1172 771 Qua.
1205 721 1501 764 observatione
1540 720 1763 774 adductus,

200 791 365 842 ceteros
384 802 535 835 versus
563 802 653 832 non
682 800 759 845 pro
790 789 1075 845 hypermetris
1105 788 1254 843 habeo,
1285 788 1360 831 sed
1384 801 1461 844 pro
1486 789 1761 831 monometris

199 857 378 900 stichice
408 858 618 912 adhibitis,
649 857 726 912 qui
755 869 851 900 eam
880 857 1014 899 solam
1045 857 1415 912 hypermetrorum
1440 857 1762 899 similitudinem

199 928 488 981 servaverunt,
520 927 636 982 quod
655 927 907 987 synaphiam
927 925 1155 981 praebent3
1186 939 1226 967 v.
1251 926 1277 967 6
1301 926 1348 967 in
1369 927 1604 968 sententiae
1624 926 1763 969 inciso

199 991 364 1046 syllaba
401 1007 558 1050 anceps
597 994 783 1038 admissa
821 996 897 1037 est.
941 993 1037 1036 Hac
1066 1006 1113 1035 re
1145 993 1374 1036 Clementis
1414 993 1604 1040 studium
1639 994 1764 1036 facile

200 1062 483 1117 intellegitur:
524 1064 777 1119 composuit,
802 1065 918 1106 enim
947 1064 1232 1105 monometros
1264 1058 1565 1116 anapaesticus,
1606 1062 1763 1116 quibus

197 1128 418 1172 interdum
456 1132 575 1174 varia
612 1128 802 1174 membrra
839 1131 1016 1173 metrica
1056 1129 1223 1183 adiecit,
1263 1133 1337 1172 aut
1375 1131 1649 1185 anapaestum
1691 1134 1764 1172 aut

200 1209 406 1250 paeonem
435 1201 510 1250 aut
537 1200 728 1241 ionicum
757 1199 967 1240 minorem
976 1199 1042 1252 ²⁰).
1089 1198 1221 1239 Cuius
1252 1197 1317 1237 rei
1341 1198 1622 1238 certissimum
1647 1198 1763 1238 testi—

201 1264 392 1308 monium
443 1269 508 1310 est
551 1266 703 1322 hymni
743 1279 842 1323 pars
884 1266 1110 1322 posterior,
1152 1265 1196 1307 in
1243 1278 1327 1320 quo
1369 1265 1468 1320 puri
1511 1263 1763 1308 monometri

200 1334 424 1388 compositi
455 1337 557 1377 sunt
585 1335 714 1377 nullis
744 1337 830 1377 iam
859 1335 1010 1376 alienis
1040 1333 1242 1376 membris
1267 1334 1465 1384 adiectis3
1499 1333 1622 1387 plane
1647 1333 1763 1375 enim

199 1402 410 1457 synaphia
439 1403 594 1445 omissa
623 1405 698 1457 est,
729 1402 982 1445 monometri
1010 1405 1061 1444 ut
1084 1402 1220 1452 στίχοι
1245 1400 1461 1446 incedunt.
1503 1401 1601 1443 Hoc
1625 1414 1763 1456 genus

200 1468 407 1524 Synesius
444 1471 634 1513 imitatus
677 1473 759 1525 est,
804 1471 880 1525 qui
921 1470 1028 1512 duos
1069 1470 1251 1524 hymnos
1289 1482 1313 1511 e
1355 1469 1629 1511 monometris
1665 1482 1764 1511 ana-

200 1537 399 1591 paesticis
430 1539 745 1593 composuitv.)

348 1607 474 1651 Hanc
515 1622 670 1652 novam
714 1609 895 1651 formam
940 1607 993 1650 ad
1037 1621 1103 1661 ea,
1151 1620 1260 1661 quae
1303 1607 1510 1661 Synesius
1555 1608 1762 1661 tractavit,

197 1675 458 1730 aptissimam
473 1676 609 1718 fuisse
629 1687 757 1718 nemo
777 1676 961 1731 negabit.
995 1675 1264 1718 Artificiosae
1286 1675 1400 1716 enim
1422 1676 1762 1723 constructiones

197 1744 497 1796 grammaticae
536 1757 622 1786 non
663 1747 912 1798 occurrunt,
954 1744 1187 1786 sententiae
1227 1743 1379 1798 longae
1419 1743 1762 1798 splendidissime

197 1809 474 1853 decurrentes
515 1812 562 1853 in
592 1811 975 1868 supplicationibus
1016 1812 1103 1862 illis
1144 1824 1231 1854 non
1272 1811 1540 1866 adhibentur,
1582 1824 1668 1866 qua
1708 1810 1761 1853 de
1791 1803 1828 1855 ⁹.

197 1891 328 1920 causa
347 1880 558 1921 sententia
578 1892 703 1934 saepe
724 1882 822 1934 post
840 1892 1190 1933 unumquemque
1210 1883 1522 1922 monometrum
1538 1879 1760 1933 paululum

199 1945 392 2000 quiescit.
440 1945 563 1997 Quod
601 1947 830 2002 praecipue
867 1947 930 1988 eis
959 1946 1064 1989 locis
1102 1948 1284 2002 apparet,
1323 1947 1398 1989 ubi
1429 1946 1760 2002 appellationum
1813 1939 1816 1942 ⁴

115 2034 118 2035 ⁷
198 2013 302 2055 ordo
342 2013 634 2068 longissimus*
657 2026 878 2057 connexus
918 2018 992 2068 est,
1025 2015 1143 2056 velut
1174 2015 1241 2056 III
1264 2016 1464 2057 145-17
1471 2016 1519 2056 3:
1560 2017 1761 2066 πατέρων

173 2122 176 2125 ,
198 2081 373 2123 πάντων
399 2079 406 2137 Ι
431 2081 574 2135 πάτερ,
604 2082 867 2134 αὐτοπάτωρ,
894 2081 901 2136 Ι
927 2083 1173 2135 προπάτωρ,
1204 2082 1392 2136 ἀπάτωρ,
1421 2083 1427 2136 Ι
1454 2082 1515 2124 υἱὲ
1539 2079 1759 2139 σεαυτοῡ,Ι

198 2149 245 2191 ἓν
267 2148 365 2200 ἑνὸς
385 2148 610 2203 πρότερον,
637 2148 644 2205 Ι
670 2148 812 2191 ὄντων
834 2150 1013 2203 σπέρμα,
1041 2146 1046 2206 Ι
1074 2148 1249 2191 πάντων
1270 2151 1458 2203 κέντρον,
1477 2150 1483 2205 Ι
1500 2149 1762 2201 προανούσιε

196 2218 292 2271 νοῦ,
308 2216 326 2271 ·Ι
354 2216 529 2269 κόσμων
562 2216 653 2268 ῥίζα
680 2214 685 2275 Ι
712 2219 800 2260 τῶν
831 2216 1092 2272 ἀρχεγόνων,
1120 2217 1125 2272 Ι
1155 2217 1371 2270 ἀμφιφαὲς
1402 2219 1512 2271 φῶς,
1541 2216 1547 2273 Ι
1574 2216 1763 2270 ἀτρέκεια

198 2283 334 2337 σοφά,
362 2285 369 2337 Ι
394 2285 510 2333 πατὰ
545 2286 704 2336 σοφίας
735 2297 777 2327 e>
796 2298 835 2339 q.
861 2298 916 2335 s.;
957 2285 1021 2326 IV
1044 2286 1241 2327 60—71:
1283 2287 1421 2337 μονὰς
1459 2286 1493 2326 ὦ
1527 2283 1759 2341 μονάδων,Ι

169 2350 330 2403 ,πάτερ
374 2350 409 2392 ὦ
446 2352 654 2404 πατέρων,
681 2352 690 2408 Ι
715 2351 864 2404 ἀρχῶν
904 2351 1022 2406 ἀρχά,
1049 2351 1057 2409 Ι
1084 2356 1235 2402 πατῶν
1275 2354 1399 2406 παγά,
1428 2351 1434 2409 Ι
1462 2353 1591 2404 ῥιζῶν
1633 2346 1759 2410 oiim}

196 2417 374 2468 ἀγαθῶν
398 2418 573 2472 ἀγαθόν,
600 2418 607 2474 Ι
635 2419 811 2471 ἄστρων
842 2419 1017 2472 ἄστρον,
1045 2422 1051 2474 Ι
1080 2420 1258 2487 κόσμων
1292 2421 1438 2473 κόσμε,
1466 2421 1472 2474 Ι
1500 2421 1627 2462 ἰδεῶν
1659 2420 1760 2473 ἰδέα,

201 2482 209 2545 Ι
231 2486 377 2538 βύθιον
408 2486 571 2540 κάλλος,
599 2483 605 2541 Ι
633 2487 816 2538 κρύφιον
849 2487 1028 2541 σπέρμα,
1056 2485 1062 2544 Ι
1090 2480 1222 2540 πάτερ
1244 2487 1427 2530 αἰώνων.
1472 2486 1584 2537 Quid
1604 2487 1761 2529 talibus

198 2553 305 2597 locis
336 2541 541 2608 synaphia
571 2554 832 2609 profuisset?

301 2692 316 2726 t
343 2641 389 2725 ἓ)
413 2641 514 2677 Idem
535 2641 839 2677 wilamowitzius
875 2641 1000 2678 docuit
1029 2642 1070 2677 in
1095 2642 1273 2678 Staehlini
1305 2641 1480 2687 editione,
1505 2653 1588 2688 pag.
1610 2643 1760 2687 LXXVI,

199 2698 299 2725 anno
318 2717 326 2726 .
377 2717 384 2724 .

343 2745 388 2792 ¹¹)
413 2745 513 2790 Quos
530 2744 725 2780 ediderunt
740 2745 809 2781 sub
826 2746 992 2782 numeris
1008 2746 1055 2782 III
1072 2749 1109 2782 et
1125 2747 1171 2782 IV
1185 2746 1545 2782 Christ-Paranicas
1561 2747 1601 2782 in
1613 2747 1760 2782 Anthol.

199 2809 313 2836 carm.
326 2800 521 2838 Christian.
535 2800 664 2847 (1871),
681 2802 786 2847 pagg.
799 2799 929 2837 6—19.
954 2801 1161 2845 Nonnullos
1174 2802 1278 2837 locos
1290 2796 1595 2839 Wilamowitzius
1612 2803 1762 2839 sanavit

198 2853 239 2889 iu
254 2855 506 2902 disputatione
531 2867 601 2893 sua
625 2854 673 2892 d'e
698 2854 819 2892 Procli
836 2847 1058 2904 Synesiidue
1082 2857 1230 2904 hymnis
1246 2857 1378 2894 habita
1395 2858 1594 2905 Sitzgsber.
1611 2859 1758 2902 d.‚Ber1.

197 2906 316 2951 Akad.
333 2911 438 2957 1961,
462 2923 546 2958 pag.
560 2912 641 2954 294.
670 2911 774 2948 Idem
788 2912 848 2948 vir
872 2912 1006 2950 doctus
1032 2912 1424 2960 hymnum,·decimum
1449 2914 1513 2961 qui
1536 2916 1690 2950 vocatur
1715 2926 1762 2951 ex

199 2965 340 3004 eisdem
364 2969 502 3007 formis.
519 2972 755 3007 constantem
779 2978 804 3006 a
828 2969 953 3010 scriba
976 2970 1101 3017 aliquo
1125 2970 1296 3007 additum
1320 2981 1406 3008 esse
1430 2971 1714 3008 demonstravit.

1596 3042 1621 3077 4
