2041 3293
849 204 1143 250 ι.-85-

205 334 348 384 limus
374 335 544 408 :aetatis
570 347 627 378 ex
656 333 847 391 antiquis
885 334 1026 391 poetis
1064 333 1223 377 formas
1261 332 1500 390 singulares
1531 332 1775 389 sumebant,

215 411 395 467 quarum
436 403 700 447 novitatem’
725 402 1063 454 admirabantur.
1108 402 1285 445 Novae
1323 401 1477 456 igitur
1495 401 1575 443 hae
1612 401 1775 444 formae

198 483 305 528 anon
322 483 380 527 ea
390 470 447 515 de
466 483 596 515 causa
615 469 947 531 appellabantur,
967 469 1081 526 quod
1100 482 1238 526 usque
1258 468 1314 512 ad
1331 467 1378 523 id
1396 472 1564 524 tempus
1584 467 1776 511 nondum

207 526 429 597 adhibitae
449 540 633 593 fuerant,
663 538 741 582 sed
762 538 879 594 quod
899 551 1046 581 earum
1068 535 1316 594 compositio
1336 536 1585 592 vulgaribus
1607 536 1774 591 leg-ibus

193 607 405 665 ineu-icis
432 606 706 663 repugnabat.
750 605 873 649 Idem
906 605 1031 649 docet
1053 605 1302 661 Victorinus
1331 604 1474 648 verbis
1508 616 1617 660 quae
1650 602 1775 646 modo

210 675 454 733 attulimus:
487 709 496 718 .
549 675 791 733 ‚quaedam
817 675 1060 724 adiciantur
1090 679 1143 717 et
1157 673 1432 717 detrahantur
1458 677 1616 727 contra,
1652 686 1776 730 quam

200 747 340 803 >ratu>
350 746 493 789 veteris
529 745 771 802 disciplinae
800 746 1017 801 permittit.
1061 724 1327 787 Recentioris
1365 741 1513 787 aetatis
1551 744 1701 797 poetae
1730 740 1776 783 id

213 825 349 855 unum
378 812 480 855 novi
499 796 765 866 addiderunt,
786 812 902 866 quod
922 824 978 855 ex
1003 812 1065 854 eis
1088 810 1250 864 formis,
1282 821 1391 864 quae
1412 810 1536 852 antea
1560 808 1777 864 dispersae

214 875 349 943 modo
376 883 420 922 et
450 891 575 924 rarae
611 882 905 934 occurrerant,
941 880 1108 935 integra
1146 867 1334 922 carmina
1373 877 1687 921 conficiebant,
1709 871 1777 918 Ita¹

89 1005 91 1008 .
135 965 140 969 ·
192 991 216 1017 ·.-
214 940 327 990 enim
339 947 469 991 verba
482 947 558 991 illa
570 946 888 1004 interpretanda
902 961 996 992 esse
1012 948 1118 991 mihi
1132 947 1346 1002 videntur,
1362 946 1516 1002 quibus
1525 946 1775 990 Victorinus

162 1043 163 1046 =
214 1015 449 1060 dimetrum·
473 1016 789 1072 anapaesticum
819 1016 1002 1072 diaeresi
1032 1019 1245 1059 carentem
1277 1019 1579 1058 commemorat
1600 1014 1692 1071 (GL
1711 1014 1776 1057 VI

216 1076 284 1138 77,
306 1084 491 1140 2„sqq.):
534 1086 840 1141 anapaesticum
876 1085 997 1134 melos
1031 1083 1340 1141 biniapedibus
1377 1088 1492 1127 amat
1515 1076 1680 1126 ‘sensum
1702 1084 1775 1136 Vin-

214 1151 376 1211 cludere
414 1183 424 1192 .
452 1183 462 1192 .
489 1184 500 1193 .
540 1147 687 1194 contra¹
722 1151 937 1207 Pacuvius·
967 1166 1149 1195 novare
1179 1153 1435 1209 propositum
1475 1151 1606 1194 volens
1644 1148 1775 1197 noluit

213 1221 329 1267 intra
358 1219 471 1263 binos
491 1220 627 1276 pedes,
658 1225 709 1263 ut·
731 1218 931 1277 superius,
960 1220 1084 1274 finire
1112 1234 1284 1274 sensum,
1312 1220 1383 1262 sed
1401 1219 1624 1262 secundum
1643 1219 1776 1262 Euri-

205 1287 350 1346 pidem
388 1287 632 1345 dactylicum
672 1293 857 1343 metrum,
898 1287 1006 1346 quod
1044 1288 1286 1345 appellatur,
1323 1287 1499 1332 induxit.
1545 1285 1775 1342 Euripides

211 1356 329 1402 enim
353 1355 534 1399 diaeresi
553 1355 748 1419 neglecta
766 1370 928 1399 novum
948 1355 1112 1412 aliquid
1135 1356 1319 1410 induxit,
1339 1355 1415 1398 sed
1435 1369 1531 1398 raro
1557 1355 1773 1409 adhibuit3

213 1422 429 1473 Pacuvius
459 1423 577 1467 hunc
600 1436 728 1467 usum
737 1408 941 1467 imitatus
961 1423 1047 1477 est3
1081 1423 1234 1467 Graeci
1254 1427 1404 1467 contra
1421 1425 1570 1479 poetae
1595 1422 1776 1466 secundi

213 1492 373 1539 saeculi
403 1492 634 1535 Christiani
664 1506 721 1535 ex
750 1493 832 1535 hoc
862 1505 989 1535 versu
1018 1494 1106 1535 tota
1135 1493 1324 1535 carmina
1355 1491 1650 1535 conficiebant.

355 1551 578 1603 Videmus
585 1560 717 1616 igitur
735 1561 999 1615 principatus
1017 1559 1199 1622 Romani
1220 1563 1358 1603 aetate
1378 1551 1520 1603 studia
1538 1559 1613 1602 illa
1633 1559 1774 1602 denuo

215 1627 413 1682 viguisse,
445 1639 554 1682 quae
574 1629 723 1670 aetatis
742 1627 1064 1682 Alexandrinae
1083 1617 1208 1670 initio
1232 1629 1478 1680 floruerant,
1504 1641 1604 1676 cum
1627 1630 1776 1683 poetae

218 1693 398 1749 quidam,
429 1696 478 1736 ut
498 1694 634 1749 Glyco
664 1696 709 1737 ct
727 1695 892 1748 Simias,
918 1695 1085 1749 aliquas
1113 1695 1271 1738 formas
1293 1707 1317 1738 e
1341 1695 1601 1738 carminibus
1624 1695 1775 1750 lyricis

213 1761 456 1806 delibabant
479 1762 741 1818 stichiceque
770 1762 1052 1818 adhibebant,
1071 1776 1156 1818 qua
1182 1776 1231 1806 re
1261 1776 1417 1806 nomen
1447 1776 1573 1806 suum
1604 1764 1776 1806 immor-

211 1830 364 1874 talitati
384 1828 615 1873 tradebant.
645 1830 690 1873 Is
711 1832 853 1874 autem
866 1843 985 1886 usuS,
1002 1831 1141 1887 qualis
1156 1832 1306 1888 primis
1323 1831 1505 1874 saeculis
1522 1831 1774 1874 Christianis

211 1899 525 1957 instituebatur,
545 1901 771 1956 propterea
785 1899 964 1960 Stoicus·
974 1899 1269 1956 agnoscendus
1291 1902 1365 1955 est,
1387 1899 1501 1956 quod
1522 1913 1597 1943 eae
1612 1900 1775 1944 formae

0 1954 31 1987 '³
91 1960 93 1962 ¹
118 2016 121 2019 ,
210 1967 572 2024 praeferebantur,
603 1964 723 2024 'quae
762 1968 905 2024 aliqua
942 1981 990 2012 re
1029 1968 1223 2012 inaudita
1258 1993 1315 2000 —
1347 1982 1474 2024 quam
1512 1968 1774 2012 ‘novitatem’

211 2035 480 2092 appellabant
498 2036 632 2080 Stoici
650 2037 793 2080 Latini
808 2061 865 2068 -—
880 2037 1115 2091 legentium
1145 2037 1291 2079 oculos
1315 2037 1361 2079 in
1386 2049 1433 2080 se
1458 2036 1772 2080 convertebant.

206 2093 307 2157 <Hac
338 2102 392 2147 de
423 2097 553 2148 causa
590 2104 791 2148 dimetros
832 2104 1015 2147 diaeresi
1050 2106 1246 2165 „carentes
1281 2106 1430 2160 poetae
1460 2103 1774 2159 construebant,
1823 2159 1825 2161 Ι

214 2173 302 2229 qui-
319 2185 424 2217 usus
453 2186 652 2217 verorum
684 2172 1008 2229 anapaestorum
1038 2177 1215 2230 naturae
1249 2174 1619 2217 vehementissime
1646 2186 1775 2230 repu-

211 2240 387 2299 gnabat3
420 2241 567 2285 eadem
599 2242 652 2285 de
683 2255 811 2285 causa
839 2241 927 2284 iam
945 2241 1135 2285 Senecae
1160 2242 1295 2284 aetate
1326 2241 1599 2299 hypermetra
1625 2254 1774 2297 paroe-

209 2309 350 2355 miaco
372 2304 591 2354 'absoluta
637 2323 893 2367 componere
939 2311 1032 2353 ausi
1077 2311 1195 2365 sunt,
1242 2310 1357 2365 quod
1402 2311 1528 2353 antea
1572 2310 1625 2360 ab
1670 2311 1774 2366 ipsis

213 2377 454 2422 Stoicorum
470 2410 472 2413 -
490 2378 730 2434 praeceptis
759 2378 1045 2433 abhorruerat,
1086 2391 1185 2422 cum
1208 2378 1346 2420 Varro
1378 2378 1603 2434 docuisset,
1641 2382 1776 2422 metra

210 2446 299 2488 nisi
336 2445 490 2502 pedem
529 2446 735 2490 alienum‘
755 2459 832 2502 pro
872 2446 1064 2489 clausula
1101 2447 1360 2502 reciperent,
1405 2460 1576 2490 carmen
1616 2447 1774 2490 confici

212 2525 309 2572 non
337 2525 464 2578 posse
504 2512 594 2569 (GL
618 2513 642 2556 1
670 2513 769 2569 512,
795 2514 1012 2569 38—513,
1040 2515 1094 2569 3).
1145 2513 1229 2558 Sed
1267 2514 1311 2556 id
1351 2514 1493 2570 ipsum
1535 2515 1686 2558 Graeci
1725 2518 1776 2558 ut

4 2574 8 2581 ’
135 2616 138 2622 ⁴
182 2593 373 2639 'novum
411 2574 738 2636 admirabantur,
778 2582 893 2637 quod
931 2595 1057 2626 nemo
1096 2595 1234 2637 usque
1271 2581 1326 2624 ad
1354 2581 1402 2624 id
1429 2585 1598 2638 tempus
1636 2584 1773 2638 poetis

1 2649 13 2708 J
39 2644 41 2647 ’
64 2660 82 2671 r
129 2698 131 2701 ¹
209 2636 361 2698 licere
370 2651 638 2706 putaverat.
639 2673 696 2680 —
727 2649 867 2693 Usum
895 2650 1136 2693 inauditum
1170 2651 1297 2693 etiam
1325 2651 1373 2692 ιιι
1403 2651 1467 2693 eis
1496 2651 1644 2693 formis
1674 2650 1774 2694 ada-

43 2770 47 2779 ·
205 2716 395 2773 mabant,
433 2717 479 2760 in
511 2716 667 2772 quibus
698 2717 888 2773 clausula
916 2718 1158 2775 singularis,
1198 2723 1248 2762 ut
1273 2732 1424 2795 paeon,
1463 2724 1645 2763 metrum
1674 2734 1774 2764 ana-

0 2804 19 2816 ·
130 2802 140 2810 >
210 2781 448 2854 paestioum
489 2770 763 2840 sequebatur,
807 2786 1038 2843 praecipue
1083 2788 1225 2830 autem
1269 2786 1316 2829 iu
1362 2799 1412 2830 eo
1458 2800 1597 2841 versu,
1644 2801 1771 2844 quem

4 2843 42 2878 '¹
188 2842 628 2911 ··btaohyoataleetum
666 2852 953 2898 Alexandrini
991 2855 1208 2897 vocabant.
1250 2855 1376 2898 Hanc
1413 2856 1593 2898 formam
1630 2856 1773 2911 Stoici,

2 2917 66 2975 ἢ
94 2918 96 2920 ’
132 2972 136 2977 1
160 2953 162 2955 .
196 2920 281 2982 fut
284 2921 368 2977 qui
397 2915 610 2974 catalexin
640 2920 768 2978 vulgo
798 2934 886 2973 non
915 2926 1206 2979 agnoscerent,
1236 2923 1330 2968 sine
1360 2923 1489 2968 dubio
1510 2924 1580 2968 ita
1609 2923 1774 2981 digere·

182 2976 332 3052 bunt,
366 2993 419 3058 ut
450 2984 589 3034 metro
625 2991 895 3048 anapaestico
934 3005 1068 3034 unum
1109 2996 1385 3048 anapaestum
1422 2992 1637 3037 adiectum
1677 3006 1772 3037 esse
