2041 3293
355 815 637 869 Anapaestica
662 815 851 868 carmina
875 826 1132 868 quamquam
1157 813 1209 854 ab
1235 812 1442 867 Aeschyli
1471 815 1608 855 aetate
1637 826 1776 867 usque

176 877 185 888 “
213 881 266 924 ad
298 881 467 936 Synesii
497 887 687 936 tempora
716 881 839 923 nobis
869 884 1035 923 servata
1065 883 1176 935 sunt,
1213 884 1355 923 tamen
1386 881 1500 935 quod
1537 881 1590 923 de
1621 881 1776 924 ceteris

211 950 300 992 fere
332 950 529 991 omnibus
565 950 724 1004 metris,
761 950 875 992 idem
912 949 965 992 de
1004 950 1240 1004 anapaestis
1277 950 1371 992 iure
1410 950 1615 1003 conqueri
1650 950 1773 992 licet:

211 1019 414 1059 nimirum
439 1030 544 1060 usus
571 1018 704 1072 metri,
736 1018 873 1072 qualis
903 1030 980 1073 per
1008 1018 1222 1073 fugientes
1248 1017 1402 1060 Graeci
1422 1015 1656 1060 Romanive
1680 1017 1778 1060 aevi

212 1088 368 1129 aetates
405 1085 646 1140 obtinuerit,
686 1089 852 1128 tantum
891 1086 1009 1128 abest
1045 1090 1094 1128 ut
1130 1088 1280 1141 sponte
1318 1086 1455 1128 nobis‘
1481 1087 1773 1141 perspiciatur,

209 1156 260 1196 ut
283 1154 554 1209 opinionibus
575 1154 765 1196 contenti
790 1166 884 1196 esse
910 1167 1121 1209 cogamur,
1152 1154 1239 1196 nisi
1262 1154 1372 1197 forte
1402 1168 1514 1196 nova
1538 1154 1774 1209 fragmenta

210 1222 473 1278 temporibus
497 1222 866 1277 progredientibus
891 1213 1176 1264 invenientur.
1208 1222 1326 1263 Nam·
1344 1227 1385 1264 et
1409 1234 1470 1276 ea,
1503 1235 1611 1276 quae
1635 1235 1775 1276 gram-

210 1290 355 1332 matici
393 1290 546 1333 Graeci
582 1293 626 1332 et
654 1289 794 1332 Latini
835 1289 887 1332 de
924 1290 1160 1344 anapaestis
1201 1290 1479 1344 praecipiunt,
1519 1302 1644 1345 saepe
1686 1303 1773 1332 non

210 1359 334 1401 modo
386 1372 472 1401 non
523 1359 676 1412 lucem,
738 1357 812 1400 sed
863 1358 991 1400 etiam
1042 1358 1342 1400 obscuritatem
1392 1358 1521 1401 rebus
1576 1359 1774 1400 afferunt.

211 1427 401 1480 Accedit,
443 1427 557 1482 quod
589 1437 644 1468 ex
674 1428 809 1469 aetate
840 1425 1132 1469 Alexandrina
1162 1426 1270 1468 nihil
1301 1428 1448 1481 exstat,
1491 1440 1574 1481 quo
1605 1426 1773 1469 certum

211 1495 440 1549 quicquam
482 1495 534 1537 de
570 1495 742 1536 illorum
782 1498 1018 1549 temporum
1055 1507 1139 1536 usu
1175 1494 1357 1536 iudicari
1392 1495 1537 1549 possit.
1589 1495 1669 1537 Cui
1710 1495 1775 1536 rei

208 1563 450 1605 testimonio
483 1566 556 1617 est,
590 1563 703 1617 quod
733 1562 961 1618 fragmenti
996 1562 1113 1604 illius
1146 1562 1432 1604 Berolinensis
1469 1563 1728 1618 anapaestici
1742 1564 1775 1616 ¹)

168 1659 172 1664 »
207 1633 360 1672 natura
380 1630 519 1672 adhuc
540 1643 626 1672 non
646 1630 771 1685 plane
791 1633 1012 1685 perspecta
1034 1634 1108 1672 est
1139 1630 1314 1672 Praeter
1334 1631 1572 1685 tragoedias
1588 1630 1772 1673 Graecas

208 1699 377 1757 saecula
415 1699 553 1754 prima
593 1700 792 1753 quattuor
833 1698 1062 1740 Christiani
1104 1699 1199 1741 aevi
1242 1699 1387 1749 multa⁴
1416 1701 1690 1741 monumenta
1731 1701 1773 1741 et

208 1767 369 1810 Graeca
393 1771 435 1809 et
464 1762 615 1809 Latina
638 1766 761 1809 nobis
792 1770 1078 1820 servaverunt,
1104 1780 1286 1821 quorum
1318 1767 1436 1822 origo
1462 1771 1589 1822 atque
1619 1771 1771 1810 natura

208 1836 349 1878 adhuc
386 1836 531 1891 ignota
570 1840 643 1878 est.
696 1836 1077 1895 Grammaticorum
1115 1839 1340 1890 praecepta
1369 1836 1486 1877 varia
1523 1849 1606 1890 quo
1643 1836 1769 1878 modo

206 1905 319 1946 inter
337 1917 383 1946 se
405 1905 658 1946 cohaereant
677 1905 804 1958 atque
827 1905 874 1945 in
898 1904 999 1945 artis
1019 1903 1199 1944 formam
1229 1917 1279 1945 ac
1302 1904 1510 1946 rationem
1534 1904 1770 1959 redigenda

207 1972 294 2013 sint
309 1972 535 2027 exquirere
560 1972 672 2013 haud
697 1972 921 2025 quisquam
942 1983 1072 2013 ausus
1098 1973 1213 2024 est2),
1236 1983 1492 2025 quamquam
1508 1971 1591 2013 alia
1605 1972 1771 2013 ratione

206 2041 494 2082 recentiorum
528 2043 746 2095 poetarum
785 2038 925 2085 studia
954 2038 1202 2094 intellegere
1239 2052 1326 2081 non
1362 2051 1600 2095 possumus.
1652 2039 1772 2081 Nihil

208 2107 304 2150 dico
341 2107 394 2150 de
425 2109 749 2163 anapaestorum
786 2107 922 2162 qualis
959 2111 1055 2149 ante
1087 2107 1351 2161 Aeschylum
1386 2108 1518 2150 fuerit
1557 2120 1641 2150 usu
1676 2121 1773 2163 per-

208 2175 449 2231 spiciendo;
483 2189 591 2230 quae
615 2188 684 2218 res
715 2189 973 2230 quamquam
998 2176 1188 2218 omnium
1220 2176 1406 2219 maxime
1430 2176 1671 2219 necessaria
1694 2180 1775 2230 est,

206 2237 348 2285 tamen
369 2244 533 2286 absolvi
553 2257 638 2285 non
669 2246 819 2299 potest,
835 2243 951 2285 'dum
972 2257 1125 2285 novam
1157 2244 1489 2298 fragmentorum
1513 2244 1772 2287 Graecorum

206 2310 441 2364 lyricorum
472 2313 765 2354 collectionem
796 2316 839 2354 et
868 2313 1162 2354 recensionem
1194 2316 1503 2366 exspectamus.
1589 2317 1591 2319 ’

350 2377 467 2428 Quae
494 2393 593 2422 cum
623 2380 682 2422 ita
707 2380 804 2434 sint,
834 2376 916 2422 hcc
946 2378 1119 2434 quidem
1141 2379 1345 2434 opusculo
1377 2379 1478 2421 satis
1509 2379 1774 2433 habebimus,

208 2449 532 2499 anapaestorum
569 2461 694 2489 usum
733 2460 880 2490 eorum
915 2449 1137 2502 poetarum
1176 2447 1433 2488 Graecorum
1464 2449 1655 2500 tractare,
1697 2448 1773 2500 qui

208 2513 260 2555 ab
291 2515 427 2561 aetate
457 2515 700 2570 Aeschylea
728 2528 865 2570 usque
897 2514 951 2557 ad
981 2515 1152 2569 Synesii
1183 2518 1374 2570 tempora
1403 2515 1599 2567 fuerunt3
1632 2527 1773 2569 neque

207 2594 309 2625 vero
345 2594 417 2623 eos
455 2581 668 2626 Romanos
704 2583 1037 2639 praeteribimus,
1079 2583 1155 2638 qui
1195 2583 1455 2626 carminibus
1491 2583 1771 2638 anapaesticis

202 2650 402 2693 Graecos,
430 2650 583 2691 imitati
619 2665 713 2694 esse
751 2653 972 2704 videntur;
1015 2665 1037 2695 e
1075 2652 1231 2707 quibus
1267 2653 1464 2694 Plautum
1495 2653 1642 2707 paucis
1665 2653 1772 2694 -tan-

208 2717 423 2770 tummodo
469 2717 611 2759 verbis
658 2721 927 2775 attingemus.
991 2719 1074 2762 Sed
1120 2724 1162 2762 et
1210 2722 1580 2775 grammaticorum
1630 2719 1772 2762 studia

342 2823 380 2868 ,¹)
404 2822 498 2858 Berl.
523 2822 789 2869 Klass.-Texte‚
815 2826 888 2861 vol.
907 2826 937 2862 V
954 2827 987 2870 2,
1012 2826 1098 2871 fgm.
1116 2826 1221 2870 9775,
1247 2837 1353 2871 pagg.
1374 2825 1570 2868 131—139.

352 2879 379 2926 ²²)
404 2879 473 2916 Vix
490 2878 589 2915 enim
605 2879 743 2916 Hensei
761 2881 808 2917 de
819 2881 917 2918 Juba
932 2882 1145 2927 artigrapho
1161 2882 1297 2917 librum
1312 2882 1419 2928 (Acta
1435 2881 1625 2917 societatis
1641 2881 1770 2927 philol.

206 2935 389 2982 Lipsiens.
405 2935 451 2972 IV
472 2934 605 2981 (1875),
631 2946 714 2981 pag.
733 2936 753 2972 1
772 2940 867 2983 sqq.)
892 2940 1157 2974 commemoret
1181 2938 1389 2984 quisquam,
1416 2937 1478 2984 qui
1502 2937 1593 2973 mihi
1615 2937 1769 2982 ‘quidem

206 2992 346 3029 nullius
370 2991 479 3039 pretii
504 2991 650 3027 videtur
675 3002 768 3028 esse.
