2041 3293
0 0 240 68 ww
338 7 352 32 ³

0 54 49 100 ’ζ’-ἒξ
191 60 194 63 ’

125 298 136 348 ἶ
160 304 348 346 multum
378 305 589 346 mutatum
619 315 711 346 esse
742 316 839 346 cum
879 304 1118 358 fragmenta
1147 315 1227 346 nos
1258 304 1412 347 docent
1449 304 1574 347 modo
1605 304 1732 347 allata

165 374 257 425 tum
288 371 532 416 comoediae
561 362 796 427 Plautinae,
838 383 1021 426 quarum
1056 375 1197 427 partes
1232 372 1395 427 lyricae
1431 371 1565 415 finem
1602 373 1731 415 huius

161 441 268 483 artis
294 440 484 483 Graecae
514 441 763 496 significant
772 441 837 494 ⁴⁸).

161 536 163 539 .
307 508 394 551 Per
411 509 617 552 seriorem
636 507 1027 552 Alexandrinorum
1047 489 1228 552 aetatem
1250 509 1340 552 sola
1354 511 1585 564 systemata
1607 522 1730 565 paro-

167 576 317 619 dorum
347 577 535 632 viguisse
566 577 777 620 videntur.
822 576 941 627 Quae
973 578 1178 631 quantum
1210 591 1235 619 a
1259 576 1428 632 parodis
1451 577 1626 633 tragicis
1646 577 1730 620 dis-

165 645 425 700 crepuerint,
456 658 511 687 ex
541 645 777 700 fragmento
813 645 886 687 illo
922 645 1189 687 Berolinensi
1227 658 1460 699 cognoscas
1470 646 1535 699 ⁴4).
1587 645 1731 699 Syste-

166 714 295 767 mata,
324 725 432 766 quae
464 713 636 767 quidem
658 714 705 754 in
735 716 942 757 contextu
967 714 1165 771 corrupto
1197 713 1398 767 cognosci
1421 716 1609 768 possunt,
1639 713 1731 755 lon-

164 780 340 835 gissima
370 779 570 823 videntur
603 781 756 834 fuisse3
797 790 911 823 unus
948 781 1062 832 enim
1098 781 1392 835 paroemiacus
1429 784 1583 834 exstat,
1622 785 1664 823 et
1693 781 1731 822 is

162 853 342 902 magnae
359 848 749 903 comprehensionis
765 861 851 891 non
865 848 913 890 in
927 848 1033 902 fine,
1044 848 1119 890 sed
1133 849 1179 890 in
1191 847 1331 890 media
1342 849 1554 891 sententia
1565 849 1606 901 (a
1616 847 1730 903 9)⁴6).

165 915 231 959 Ne
246 916 290 958 id
307 916 480 971 quidem
495 917 617 971 parvi
629 916 833 959 momenti
850 919 924 971 est,
946 916 1061 971 quod
1083 916 1279 971 dactylus
1296 917 1380 958 nisi
1399 917 1446 958 in
1461 917 1605 972 priore
1619 916 1729 972 pede

165 985 535 1028 monometrinon
565 984 812 1027 admittitur.
858 984 1078 1040 Synaphia.
1102 997 1270 1027 summo
1297 984 1438 1027 studio
1457 986 1631 1048 ‘servata
1654 988 1728 1027 est

165 1107 313 1144 semper
350 1101 563 1135 servatam
577 1109 660 1135 esse
691 1099 938 1145 fragmentum
970 1098 1264 1135 Callimacheum
1297 1101 1467 1135 testatur.
1518 1098 1731 1144 (Praeterea

164 1164 346 1209 persaepe
371 1151 412 1191 in
435 1155 560 1191 medio
576 1155 671 1200 pede
688 1155 805 1191 altero
823 1155 1003 1191 diaeresis
1020 1155 1145 1199 adest3
1173 1165 1284 1200 quam
1301 1155 1429 1190 notavi
1445 1164 1506 1190 vv.
1526 1155 1557 1190 1.
1574 1153 1729 1190 43—44.

163 1205 317 1246 48-’55
334 1212 393 1246 58.
413 1210 565 1246 64-68,
583 1211 640 1255 75,
666 1210 721 1246 ita
743 1215 786 1246 ut
809 1211 911 1256 prior
933 1220 1023 1256 pars
1047 1220 1180 1246 versus
1207 1210 1395 1247 dividatur
1416 1211 1457 1246 in
1473 1211 1568 1246 duos
1583 1209 1729 1246 ionicos

162 1277 232 1312 per
261 1267 450 1304 diaeresin
480 1267 690 1303 seiunctos:
722 1266 1090 1314 ξῦ-υυΙ-υυ-.)
1141 1266 1298 1303 Constat
1321 1267 1432 1312 igitur
1456 1266 1730 1302 Archebuleum

166 1333 187 1358 e
217 1323 362 1359 duabus
392 1323 572 1369 partibus,
604 1333 761 1370 quarum
790 1322 974 1368 posterior
1004 1325 1062 1358 est
1091 1323 1297 1359 reizianum
1327 1323 1470 1359 formae
1495 1334 1728 1366 uta-ud&

165 1379 268 1427 prior
299 1370 412 1415 habet
443 1379 601 1415 formam
633 1379 847 1426 „Lu-cau-
854 1396 958 1417 υυ-
962 1391 1118 1426 ‚quarn
1151 1379 1416 1425 prosodiacam
1446 1389 1584 1415 vocare
1617 1379 1729 1415 liceat

166 1433 228 1479 (cf.
244 1434 360 1480 Heph.
387 1435 415 1471 C
431 1435 489 1480 48,
507 1435 601 1471 2-7
627 1438 664 1472 et
688 1435 774 1482 fgm.
791 1437 881 1477 Bob.
899 1437 958 1472 GL
971 1436 1016 1472 VI
1037 1436 1118 1480 625,
1136 1436 1255 1480 1-6).
1296 1434 1544 1472 Prosodiacus
1569 1445 1727 1481 quoque,

166 1491 207 1527 ut
223 1490 439 1536 reizianum‚
448 1489 577 1528 forma
593 1492 784 1539 popularis
796 1493 944 1529 videtur
959 1492 1086 1537 fuisse,
1104 1503 1200 1538 quae
1216 1492 1257 1527 in
1273 1491 1549 1537 tragoediarum
1561 1491 1729 1536 partibus

166 1546 294 1591 lyricis
318 1557 587 1593 nonnunquam
612 1548 794 1592 oceurrit;
826 1549 870 1583 cf.
889 1549 999 1593 Soph.
1015 1548 1099 1583 Ant.
1117 1548 1316 1582 354—7=
1329 1547 1482 1591 365—7‚
1507 1546 1573 1582 ubi
1597 1556 1728 1582 omnes

165 1604 242 1638 tres
273 1602 486 1648 prosodiaci
515 1603 657 1639 formae
689 1606 856 1641 exstant:
891 1603 949 1639 καὶ
980 1604 1132 1648 φθέγμα
1161 1602 1221 1638 καὶ
1252 1603 1411 1646 ἀνεμόεν
1432 1603 1439 1648 Ι
1461 1603 1644 1647 φρόνημα
1667 1602 1728 1638 καὶ

166 1657 417 1704 ἀστυνόμουςΙ
428 1659 568 1702 ἀγορὰς
585 1660 775 1696 ἐδιδάξατο
793 1659 874 1705 καὶΙ
877 1660 1102 1696 δυσαύλων.
1142 1659 1329 1694 ,Videtur
1344 1659 1455 1704 igitur
1465 1659 1726 1702 Callimachus,

166 1716 208 1749 ut
231 1710 272 1749 in
294 1713 458 1750 carmine
482 1714 556 1759 illo,
589 1713 689 1760 quod
717 1715 935 1751 inscribitur
964 1684 1155 1759 παννυχὲς,
1186 1714 1385 1750 dimetrum
1415 1713 1616 1750 iambicum
1641 1723 1728 1750 cum

163 1769 407 1817 ithyphallico
432 1772 674 1808 coniunctum
699 1772 852 1808 stichice
877 1772 1048 1808 adhibuit
1062 1771 1121 1816 (cf.
1134 1770 1280 1807 Wilam.
1297 1771 1320 1806 l.
1339 1780 1369 1806 c.
1387 1780 1469 1816 pag.
1486 1770 1648 1816 540sq.),
1673 1770 1728 1807 ita

163 1825 206 1861 in
237 1829 366 1862 nostra
400 1827 590 1863 cantilena
621 1827 716 1864 alias
749 1827 844 1864 duas
873 1826 1014 1864 formas
1045 1827 1245 1873 populares
1278 1826 1535 1872 composuisse
1565 1829 1603 1862 et
1633 1826 1728 1862 κατὰ

165 1874 297 1926 ,στίχον
321 1893 523 1929 usurpasse
545 1882 829 1928 (obversabatur
849 1884 1010 1920 fortasse
1039 1884 1165 1919 animo
1187 1883 1268 1919 eius
1284 1883 1369 1919 Eur.
1385 1877 1569 1919 Heracliti.
1586 1882 1659 1918 356
1671 1891 1726 1929 sq.

146 1947 148 1949 ·
166 1952 211 1968 =
224 1938 296 1979 365
312 1949 388 1984 sq.:
417 1939 718 1984 μεγαληγορίαισι
739 1940 772 1975 δ’
787 1940 877 1983 ἐμὰς
898 1939 903 1987 Ι
925 1940 1069 1984 φρένας
1088 1940 1133 1974 οὐ
1155 1939 1334 1982 φοβήσεις
1348 1955 1391 1968 =
1405 1938 1465 1974 καὶ
1482 1939 1572 1982 ἐμᾶς
1588 1940 1728 1982 χθονὸς

167 1994 398 2038 ἀντομένους
412 1995 424 2040 Ἰ
446 1996 550 2038 ξένος
584 1997 640 2031 ὢν
675 1995 826 2041 βιαίως).
874 1995 1117 2032 Recentiores
1150 1995 1299 2031 demum
1334 1995 1536 2041 scriptores
1573 1995 1727 2040 metrici,

164 2050 301 2097 quippe
318 2051 381 2096 qui
397 2062 525 2087 veram
543 2053 747 2089 formarum
764 2048 1021 2089 radicem'non
1036 2051 1112 2088 iam
1128 2050 1386 2097 intellegerent
1402 2062 1524 2097 neque
1541 2050 1728 2089 diaeresin

164 2106 404 2152 respicerent,
435 2108 570 2144 falsam
599 2102 732 2144 versus
763 2108 1014 2155 digessionem
1044 2108 1294 2143 instituerunt.
1321 2127 1368 2134 —
1393 2106 1655 2152 Callimachus,
1686 2109 1728 2144 ut

165 2162 473 2200 wilamowitzius
497 2165 536 2206 (1.
556 2175 587 2200 c.
603 2174 687 2210 pag.
705 2164 774 2201 541
793 2164 863 2211 sq.)
888 2164 1008 2209 docet,
1039 2164 1237 2199 ‘inventor'
1262 2166 1320 2199 est
1350 2163 1464 2200 etiam
1492 2163 1602 2199 metri
1627 2163 1727 2209 quod

167 2219 412 2265 Cyrenaicum
424 2223 540 2257 vocat
556 2231 765 2267 anonymus
776 2221 1061 2267 Oxyrhynchius
1074 2219 1174 2266 (Pap.
1186 2220 1277 2265 Oxy.
1287 2219 1360 2256 vol.
1371 2221 1413 2264 11,
1426 2231 1462 2255 n.
1477 2220 1558 2264 220,
1572 2221 1644 2256 col.
1653 2220 1726 2265 XI),

165 2275 266 2320 quod
285 2275 402 2311 habet
421 2277 580 2313 formam
599 2292 973 2315 υυ,υυ,υ,,υ,..
1004 2276 1123 2321 Quam
1139 2278 1250 2321 poeta
1267 2276 1348 2311 sine
1364 2275 1478 2312 dubio
1495 2286 1542 2311 ex
1553 2275 1727 2321 Euripide

147 2358 149 2360 -
165 2324 343 2377 s‘umpsit3
364 2335 423 2368 est
439 2333 539 2373 enim
556 2333 712 2369 dimeter
727 2332 1142 2378 anapaesto-iambicus,
1169 2343 1279 2377 quem
1294 2332 1334 2368 in
1349 2331 1507 2368 canticis
1520 2332 1726 2377 Euripideis

165 2397 281 2434 saepe
312 2387 604 2425 observavimus
654 2388 737 2425 Non
765 2387 877 2434 igitur
900 2388 1068 2424 ‘invenit'
1092 2387 1343 2424 Callimachus
1368 2389 1440 2424 hoc
1464 2390 1632 2432 metrum,
1658 2382 1726 2438 sed

165 2443 306 2490 'primus
337 2444 492 2481 stichice
523 2443 702 2480 adhibuit.
751 2444 825 2480 Sed
855 2438 1082 2481 recentiores
1108 2454 1254 2491 quoque
1278 2446 1410 2490 poetas
1435 2455 1459 2480 a
1483 2443 1726 2490 scriptoribus

164 2500 329 2537 metricis
345 2503 386 2537 ut
407 2501 647 2537 ‘inventores’
666 2501 869 2537 formarum
894 2501 1128 2547 quarundam
1143 2496 1354 2537 celebratos
1371 2511 1467 2545 esse,
1492 2511 1577 2536 cum
1593 2511 1726 2539 revera

163 2567 214 2594 ex
236 2556 497 2603 antiquissimo
516 2558 705 2594 thesauro
734 2559 930 2594 auctorum
953 2557 1155 2603 lyricorum
1179 2560 1216 2594 et
1240 2557 1499 2594 scaenicorum
1523 2561 1725 2604 sumerent,

164 2618 247 2659 cap;
263 2614 295 2650 V
318 2613 586 2660 intellegemus.

307 2671 354 2717 ⁴⁸)
380 2670 432 2707 Cf.
456 2670 542 2716 Leo,
573 2670 757 2717 Abhdlgn.
777 2671 812 2708 d.
831 2671 902 2718 kgl.
923 2670 1007 2707 Ges.
1027 2670 1185 2707 d.Wiss.
1204 2682 1235 2706 z.
1256 2670 1363 2715 Gett„
1393 2670 1435 2707 N.
1453 2671 1492 2706 F.
1509 2670 1563 2706 17
1590 2670 1724 2716 (1897),

162 2733 245 2771 με·
263 2727 308 2763 61
321 2737 400 2772 ,qq

306 2782 353 2829 ⁴⁴)
380 2782 433 2821 Cf.
459 2783 629 2829 praerat„
655 2785 783 2820 annot.
803 2783 836 2821 1.

306 2838 354 2885 ⁴⁸)
378 2839 506 2885 Neque
522 2850 613 2876 vero
630 2850 676 2876 ea
690 2839 921 2886 neglegenda
937 2841 1033 2885 sunt,
1060 2850 1156 2886 quae
1173 2810 1478 2876 Wilamowitzius
1495 2850 1576 2886 pag.
1591 2839 1660 2876 139
1676 2810 1723 2877 de

161 2892 235 2931 hae
258 2903 301 2931 re
324 2895 530 2932 annotavit.
568 2895 661 2933 Vide
686 2896 799 2933 etiam
822 2896 876 2933 W.
894 2896 1091 2942 Schubart,
1116 2896 1252 2943 Papyri
1276 2896 1444 2934 Graecae
1459 2896 1723 2934 Berolinenses

163 2948 296 2995 (1911),
321 2961 405 2996 pag.
423 2952 615 2988 XII—XIII
639 2951 689 2998 (n.
708 2952 751 2988 11
759 2951 809 2998 b).
851 2952 903 2988 Cf.
921 2963 993 2988 nos
1012 2963 1092 2998 cap.
1109 2953 1151 2996 11,
1177 2956 1303 2988 annot.
1321 2953 1355 2988 6.
