2041 3293
819 213 1115 254 -39-

173 342 360 385 'vissima
390 341 640 397 Stoicorum,
681 356 828 386 omnes
859 339 1005 385 modos
1045 344 1182 386 alieno
1214 347 1361 386 metro.
1386 343 1599 385 finiendos
1632 355 1747 392 esse;

184 410 239 453 cf.
271 412 400 454 etiam
431 411 549 454 Caes.
575 411 693 454 Bass.
716 410 789 453 GL
809 410 872 452 VI
893 411 990 465 264,
1024 412 1197 453 19-22
1230 410 1298 466 (de
1334 412 1538 466 paeonico
1575 413 1746 464 metro):

180 480 394 537 clauditur
432 485 567 522 autem
608 481 761 533 cretico,
801 481 873 535 qui
901 485 939 522 et
961 482 1047 536 ipse
1085 479 1271 536 [constat]
1312 481 1489 522 eiusdem
1525 481 1683 536 yeneris
1712 485 1750 521 et

180 551 410 604 temporum
431 548 594 590 totidem
614 548 722 604 quod
741 548 819 601 ille,
836 561 923 590 una
931 549 1103 604 parcior
1115 548 1271 605 syllaba
1287 553 1353 601 est,
1370 562 1430 602 ne,
1447 549 1484 590 si
1492 547 1600 603 fluat
1615 547 1747 590 eodem

183 629 363 669 numero,
373 615 591 671 rhythmos,
601 630 681 658 non
691 621 864 658 metrum
870 615 959 670 fiat.
970 616 1094 658 huius
1101 617 1324 672 exemplum
1334 631 1343 657 :
1361 633 1379 654 »
1385 617 1546 672 cyr-eyia
1548 617 1748 671 percoluit

183 683 349 739 inqenia
364 684 553 725 musice«.
572 683 665 734 Qua
678 683 772 739 lege
788 695 874 725 non
891 682 943 725 ab
959 682 1264 726 Alexandrinis
1282 682 1550 739 differebant,
1567 683 1641 739 qui
1658 696 1748 726 car-

184 741 299 793 mina
311 751 449 805 lyrica
459 748 703 793 catalectico
717 752 1011 793 concludenda
1020 764 1112 793 esse
1123 764 1177 793 ex
1188 765 1269 793 usu
1277 752 1439 794 Graeco
1451 753 1746 806 cognoverant.

324 818 445 862 Haec
466 821 576 871 sunt,
603 832 712 874 quae
737 819 1038 862 Alexandrinis
1059 819 1322 875 temporibus
1339 821 1502 863 metrici
1520 819 1747 875 scriptores

182 888 467 930 Alexandrini
500 892 542 929 et
573 888 706 929 Stoici
738 887 791 930 de
816 889 1055 943 anapaestis
1080 887 1277 930 docuisse
1304 889 1513 931 videntur.
1546 888 1676 942 Quae,
1702 890 1750 930 ut

185 956 379 1010 vidimus,
400 956 627 1021 praecipue
653 956 705 998 ad
729 956 985 1013 parodorum
1009 969 1135 998 usum
1161 960 1363 1011 spectant,
1389 957 1620 1012 neglegunt
1650 970 1748 998 ana-

183 1026 362 1079 paestos,
385 1037 491 1078 quos
513 1025 671 1078 lyricos
696 1025 1011 1079 appellavimus.
1044 1024 1191 1078 Leges,
1217 1037 1321 1078 quas
1342 1024 1626 1069 Alexandrini
1647 1037 1748 1066 con-

168 1085 430 1146 stituerunt,
478 1105 575 1134 cum
620 1093 692 1135 eis
731 1093 1020 1147 consentiunt,
1067 1106 1176 1147 quae
1224 1093 1305 1134 viri
1351 1093 1464 1135 docti
1507 1087 1747 1135 nostrorum

182 1163 420 1216 temporum
459 1174 513 1203 ex
551 1163 872 1216 anapaestorum
910 1161 1204 1203 observatione
1245 1161 1407 1203 dudum
1445 1163 1747 1216 cognoverunt.

181 1229 411 1283 Dactylum
448 1230 533 1270 nisi
570 1231 615 1270 in
653 1229 804 1271 dextro
841 1228 961 1284 pede,
994 1231 1041 1270 ut
1070 1228 1309 1271 Stoicorum
1341 1229 1481 1272 verbis
1520 1234 1623 1283 utar,
1661 1243 1747 1271 non

180 1298 284 1339 ferri
310 1299 539 1352 scriptores
567 1298 729 1339 metrici
762 1298 919 1351 optimo
945 1298 1039 1339 iure
1072 1297 1288 1352 docebant,
1315 1311 1413 1339 cum
1437 1299 1609 1339 sinistro
1635 1297 1747 1352 apud

182 1366 459 1419 Aeschylum,
477 1365 740 1420 Sophoclem,
755 1365 1006 1420 Euripidem
1020 1378 1192 1421 perraro
1213 1368 1410 1408 occurrat
1424 1367 1483 1421 16).
1508 1365 1746 1421 Euripides,

181 1434 256 1488 qui
279 1434 497 1487 dactylum
523 1435 695 1488 saepius
720 1435 952 1487 posteriore
977 1436 1229 1475 monometri
1253 1435 1347 1475 loco
1373 1434 1554 1487 adhibet,
1581 1447 1747 1488 semper

181 1502 417 1543 animorum
451 1501 813 1556 perturbationem
839 1500 1112 1556 significandi
1136 1502 1273 1556 gratia
1296 1502 1341 1544 id
1367 1502 1479 1556 facit,
1510 1515 1596 1544 non
1622 1501 1746 1544 modo

124 1596 130 1600 -
181 1570 227 1610 in
253 1571 443 1622 canticis,
469 1571 547 1612 sed*
572 1572 700 1612 etiam
723 1571 771 1610 in
796 1568 1097 1625 systematih'ais
1122 1570 1240 1611 velut
1263 1570 1466 1611 Hecubae
1493 1572 1535 1611 et
1559 1569 1746 1612 Medeae.

181 1637 482 1692 Fragmentum
514 1642 653 1681 autem
686 1637 974 1692 Berolinense,
1004 1637 1118 1692 quod
1150 1640 1215 1680 est
1246 1643 1568 1680 monumentum
1598 1639 1747 1680 aetatis

181 1706 511 1759 Alexandrinae,
549 1707 685 1761 legem
723 1706 837 1747 illam
875 1720 900 1747 a
929 1706 1208 1759 scriptoribus
1246 1707 1435 1748 metricis
1460 1708 1746 1747 constitutam

179 1774 504 1829 diligentissime
536 1774 739 1828 sequitur.
1533 1791 1537 1793 ’

819 1940 968 1995 Caput
1005 1941 1103 2000 III.

336 2025 406 2068 De
437 2026 614 2068 formis
652 2026 1014 2081 anapaesticis,
1053 2039 1174 2080 quas
1210 2028 1389 2080 poetae
1422 2026 1601 2080 Graeci

442 2094 644 2148 imperii
675 2094 887 2135 Romani
924 2092 1088 2135 aetate
1122 2093 1479 2135 adhibuerunt.

322 2170 476 2212 Primis
510 2171 738 2216 Christiani
769 2171 864 2228 aevi
900 2161 1082 2212 saeculis
1119 2172 1440 2224 anapaestorum
1478 2180 1581 2211 usus
1618 2171 1742 2233 plane

177 2241 462 2279 commutatus
501 2242 574 2280 est.
615 2237 738 2288 Quod
775 2241 923 2293 poetae
955 2237 1135 2280 Stoicam
1174 2238 1239 2279 rei
1275 2239 1474 2280 metricae
1506 2237 1741 2281 doctrinam

177 2307 404 2359 sequentes
427 2306 675 2359 effecerunt,
705 2306 802 2359 qui,›
817 2307 866 2346 ut
885 2318 1053 2359 semper
1074 2318 1205 2346 novas
1226 2306 1386 2346 formas
1408 2306 1605 2347 metricas
1628 2319 1741 2348 eom-

177 2386 337 2429 ponere
368 2372 606 2428 studebant,
638 2374 695 2416 ita
726 2376 975 2429 anapaestos
1003 2386 1114 2416 nova
1140 2373 1322 2428 quadam
1346 2367 1508 2416 ratione
1534 2387 1740 2429 usurpare

176 2443 320 2484 conati
351 2444 461 2482 sunt.
493 2442 641 2496 Itaque
673 2441 776 2496 quid
807 2442 938 2484 Stoici
969 2442 1196 2496 scriptores
1234 2442 1399 2484 metrici
1430 2442 1739 2484 recentioribus

174 2509 438 2565 temporibus
471 2510 523 2552 de
558 2511 794 2566 anapaestis
827 2510 1055 2561 docuerint
1079 2511 1261 2564 primum
1303 2510 1426 2551 nobis
1458 2523 1552 2552 esse
1584 2524 1740 2565 cogno-

174 2578 382 2620 scendum
409 2576 567 2618 dixerit
597 2578 704 2632 quis,
735 2583 825 2619 tum
852 2576 905 2619 de
927 2577 1186 2619 carminibus
1212 2577 1490 2632 anapaesticis
1516 2577 1738 2632 agendum,

174 2658 278 2687 cum
317 2645 525 2699 capitibus
569 2645 915 2687 antecedentibus
957 2647 1179 2700 poetarum
1221 2645 1362 2686 studia
1404 2647 1545 2699 priora
1587 2648 1737 2687 tracta-

177 2713 383 2767 verimus,
420 2712 576 2768 quippe
614 2726 638 2754 a
671 2712 830 2767 >quibus
868 2713 981 2755 docti
1020 2713 1100 2754 viri
1141 2713 1288 2755 aetatis
1319 2712 1636 2756 Alexandrinae
1676 2714 1738 2756 di·-

173 2781 401 2835 sciplinam
431 2781 651 2823 metricam
676 2782 887 2824 duxerint.
921 2781 1045 2832 Quod
1068 2781 1186 2823 nullo
1217 2781 1341 2823 modo
1373 2782 1470 2823 fieri
1502 2786 1654 2836 potest3
1688 2796 1736 2824 ea

175 2848 302 2904 enim,
334 2862 442 2903 quae
473 2849 605 2891 Stoici
635 2850 894 2893 recentiores
926 2849 979 2892 de
1010 2850 1246 2905 anapaestis
1285 2849 1534 2904 docuerunt,
1564 2863 1735 2906 perraro

172 2915 230 2969 ad
259 2929 359 2969 eum
385 2930 509 2959 usum
535 2921 737 2973 spectant,
764 2919 839 2973 qui
862 2918 1031 2973 imperii
1054 2918 1233 2960 Romani
1260 2919 1396 2960 aetate
1422 2918 1609 2973 vulgaris
1635 2923 1735 2973 erat,

319 3006 364 3050 ¹⁶)
388 3005 441 3041 Cf.
459 3017 539 3052 cap.
558 3007 583 3051 Ι,
610 3007 736 3042 annot.
756 3007 811 3042 17.
