2041 3293
814 185 1094 227 -25-

292 370 296 373 p
315 315 526 374 Adhibuit
543 315 676 370 igitur
689 314 916 371 Euripides
926 315 981 357 'in
996 316 1281 359 recentiorum
1298 315 1538 358 fabularum
1556 315 1736 358 canticis

173 385 456 428 monometms
485 382 786 440 anapaesticus,
817 384 1118 439 paroemiaeos,
1149 383 1350 426 dimetroa
1373 385 1667 439 anapaesticos
1692 387 1736 426 et

173 451 629 511 anapaesto-iambicos.
665 451 771 494 'Has
793 451 952 494 formas
976 464 1124 494 omnes
1143 444 1459 507 praecipueeis
1479 451 1587 494 locis
1607 451 1736 494 collo-

174 520 297 579 cavit,
325 519 485 575 quibus
515 533 669 575 magna
691 532 792 562 cum
816 520 947 562 animi
973 511 1257 562 concitatione
1283 519 1446 574 aliquid
1465 519 1734 562 recitabatur.

172 586 343 630 Talibus
372 586 479 629 locis
510 590 805 641 monumen-os.
837 587 993 642 quippe
1018 588 1092 641 qui
1118 599 1175 629 ex
1197 587 1447 629 threneticis
1473 586 1736 629 carminibus

173 655 332 710 sumpti
362 659 514 708 essent,
553 655 638 697 iam
667 654 738 696 ab·
751 654 965 708 Aeschylo
1005 657 1229 709 usurpatos
1259 667 1353 697 esse
1390 667 1520 709 supra
1550 654 1737 696 vidimus

172 725 281 781 (pag.
305 722 388 777 11).
433 722 688 778 Saepissime
709 722 896 765 dochmii
916 735 1015 765 cum
1035 722 1183 764 formis
1203 722 1484 777 anapaesticis
1509 722 1734 777 compositi

172 792 293 843 sunt3
332 789 448 834 idem
478 791 592 834 enim
622 791 740 846 ἦθος,
779 794 830 834 ut
860 788 1022 836 Graeca
1041 803 1158 834 >voce
1189 794 1316 845 utar,.
1333 789 1541 833 dochmiis
1572 793 1664 834 erat
1693 795 1736 834 et

172 859 420 914 anapaestis.
466 859 507 902 N
508 871 564 901 on
594 859 726 914 igitur
749 859 1042 915 anapaesticae
1062 859 1227 902 formae
1251 858 1412 913 lyricae
1439 859 1734 902 dochmiorum

170 926 266 968 loco
306 925 627 981 adhibebantur,
667 928 893 983 perpaucis·
927 926 1035 970 locis
1073 927 1274 982 exceptis,
1316 926 1471 982 quibus
1501 926 1734 982 singularia

172 996 307 1036 metra
337 995 602 1049 anapaestiea
637 995 749 1036 inter
779 994 998 1037 dochmios
1028 987 1272 1048 occurrunt,
1311 995 1431 1038 velut
1456 994 1587 1054 Herc.
1617 995 1732 1036 1085

172 1062 280 1116 (pag.
303 1061 386 1116 13).
451 1082 455 1084 -
945 1113 950 1117 ι

316 1129 440 1179 Quod
469 1130 529 1171 ita
558 1118 663 1173 ‘esse
693 1129 1064 1185 Aristophanesw)
1099 1129 1371 1184 demonstrat,
1412 1129 1486 1183 qui
1516 1128 1737 1171 nonnullis

99 1238 103 1242 ,
171 1196 277 1238 locis
315 1197 522 1238 rationem
563 1196 728 1238 cantica
767 1196 1049 1251 componendi
1080 1197 1352 1254 Euripideam
1394 1209 1475 1253 per>
1499 1196 1734 1239 ludibrium

171 1265 372 1307 imitatur.
403 1264 505 1308 Sine
521 1265 650 1307 dubio
667 1266 808 1307 animo
824 1265 929 1320 eius,
943 1279 1050 1308 rcum
1071 1265 1284 1309 scribebat
1298 1265 1409 1308 Nub.
1428 1266 1737 1320 1161—1170,

171 1333 294 1375 locus
333 1333 404 1375 ille
443 1333 546 1376 Hec.
575 1334 657 1375 171
680 1335 830 1388 sqq.³⁷)
870 1333 1195 1386 obversabatur;
1236 1333 1312 1378 sed
1348 1335 1582 1377 metrorum
1620 1346 1735 1377 com-

171 1402 380 1456 positione
422 1401 722 1455 Polymestoris
768 1402 1022 1446 eantilenam
1067 1402 1256 1445 imitatus
1298 1406 1386 1455 est,
1433 1415 1558 1455 quam
1606 1415 1735 1456 supra

172 1471 280 1525 (pag.
305 1470 374 1524 12)
405 1469 732 1525 descripsimus:

171 1556 255 1606 er'
276 1554 286 1596 ’.
309 1587 318 1596 .
341 1587 350 1596 .
372 1587 381 1595 .
402 1556 618 1607 πρόβολος
643 1555 757 1608 ἐμός,
784 1556 930 1605 σωτὴρ
947 1532 1117 1608 δόμοις,
1142 1555 1311 1606 ἐχθροῖς
1337 1555 1481 1608 βλάβη,
1520 1554 1570 1596 3i

318 1623 523 1675 λυσανίας
551 1624 764 1677 πατρῴων
794 1623 993 1674 μεγάλων
1023 1626 1184 1666 κακῶν·
1523 1623 1548 1664 2
1567 1623 1733 1666 dochm.

226 1733 229 1735 ,
319 1691 371 1733 ὃν
402 1690 588 1733 κάλεσον
619 1690 780 1742 τρέχων
810 1690 987 1733 ἔνδοθεν
1018 1690 1080 1740 ὡς
1112 1690 1193 1741 ἐμὲ.
1233 1733 1236 1735 Α
1523 1690 1549 1732 2
1567 1689 1734 1733 dochm.

175 1758 288 1800 1165
321 1757 356 1800 ὦ
386 1759 548 1809 τέκνον,
580 1758 616 1800 ὧ
646 1760 729 1811 παῖ,
761 1757 895 1800 ἔξελθ’
917 1758 1057 1811 οἴκων,
1352 1780 1355 1783 -
1522 1759 1548 1800 2
1566 1772 1619 1800 an

321 1824 384 1868 ἄιε
415 1837 498 1869 σου
530 1825 705 1878 πατρὸς.
738 1849 792 1856 -
826 1826 963 1877 Σωκρ.
986 1824 1235 1878 ὅδ’-ἐκεῖνος
1265 1824 1385 1880 ἀνήρ.
1527 1825 1553 1866 2
1572 1838 1627 1867 an

173 1895 270 1947 Στρ.
292 1893 328 1935 ὦ
359 1895 497 1949 φίλος,
529 1893 564 1935 ὦ
595 1895 735 1945 φίλος.
895 1889 898 1891 “
1469 1891 1471 1893 ’
1524 1907 1579 1935 an

600 1962 735 2012 Σωκρ.
757 1960 870 2003 ἄπιθι
901 1962 1045 2013 λαβὼν
1075 1961 1150 2003 τὸν
1180 1960 1273 2003 υἱόν
1304 1960 1436 2016 [σου].
1525 1961 1575 2001 2ἰ

173 2030 271 2082 Στρ.
291 2029 340 2071 ἰὼ
373 2029 435 2084 ἰώ,
465 2030 635 2072 τέκνον·
668 2030 717 2072 ἰὼ
749 2029 814 2072 ἰοῦ
846 2029 925 2071 ἰοῦ.
1526 2028 1737 2072 2dochm.

175 2150 348 2200 diximus,
373 2157 450 2193 iam
466 2165 662 2201 occurrere¹
679 2154 834 2190 videtur.
865 2154 1172 2190 Wilamow'itzius
1190 2154 1341 2201 quidem
1358 2155 1429 2191 has
1453 2155 1592 2202 formas
1609 2155 1739 2201 dacty-

174 2211 268 2247 licas
299 2222 382 2247 esse
412 2213 529 2258 putat,
563 2203 658 2247 cumw
678 2210 880 2257 Geryoneis
914 2220 962 2246 ex
995 2209 1321 2255 dactylo-epitritis
1356 2210 1566 2256 composita
1596 2211 1645 2246 sit
1675 2210 1736 2256 (cf.

175 2270 371 2309 comment.
394 2268 443 2304 ad
457 2268 563 2313 Hipp.
579 2266 778 2311 161-169,
799 2276 882 2312 pag.
901 2266 1002 2312 195);
1025 2265 1095 2301 sed
1113 2266 1190 2301 iam
1209 2277 1322 2311 supra
1340 2266 1437 2312 (pag.
1455 2267 1513 2311 20,
1534 2268 1662 2303 annot.
1680 2267 1741 2312 29)

175 2323 288 2370 Soph.
305 2323 434 2360 Trach.
450 2324 521 2360 497
533 2334 613 2369 sqq.
641 2323 758 2368 attuli,
781 2322 847 2359 ubi
872 2321 1210 2368 anapaesto-iambi
1228 2322 1358 2358 formis
1374 2322 1739 2368 dactylo-epitriticis

174 2380 308 2417 inserti
330 2380 504 2418 videntur
529 2390 624 2415 esse.
664 2380 793 2426 Itaque
816 2379 918 2417 haud
942 2379 1033 2424 scic,
1058 2389 1108 2416 an
1132 2379 1279 2416 dimetri
1296 2379 1526 2424 anapaestici
1544 2383 1580 2415 et
1596 2380 1739 2415 formae

176 2432 582 2483 anapaesto-iambicae
599 2447 620 2472 e
639 2435 869 2473 carminibus
888 2435 1248 2482 dactylo-epitriticis
1269 2446 1468 2483 progressa
1485 2435 1572 2471 sint.
1610 2435 1739 2482 Neque

176 2504 267 2530 vero
290 2493 362 2528 hoc
387 2493 566 2538 opusculo
590 2492 636 2527 de
661 2503 709 2528 ea
732 2503 773 2528 re
797 2492 1063 2538 disputandum
1087 2494 1154 2528 est.
1192 2488 1456 2537 Undecumque
1482 2492 1629 2530 dimetri
1645 2503 1737 2529 ana·

175 2548 333 2596 paestici
368 2547 599 2594 prodierunt,
636 2548 717 2584 sive
741 2560 774 2585 ·e
808 2536 1141 2594 compositionibus
1178 2548 1542 2595 dactylo-epitriticis
1577 2547 1656 2583 sive
1691 2558 1740 2583 ex

176 2604 363 2651 Euripidis
387 2604 548 2648 officina,
574 2606 746 2640 servatur
761 2603 927 2650 Euripidi
952 2614 998 2639 ea.
1020 2604 1117 2649 laus,
1142 2604 1241 2650 quod
1266 2604 1444 2640 dimetros
1462 2604 1739 2650 anapaesticos,

175 2664 218 2698 ut
242 2659 656 2707 anapaesto-iambicos,
681 2660 762 2706 ipse
780 2659 921 2706 primus
938 2663 976 2696 et
991 2670 1109 2696 sensu
1126 2662 1259 2696 etarte
1275 2660 1436 2696 metrica
1451 2660 1506 2696 ita
1521 2671 1546 2696 a
1563 2660 1742 2696 membris

177 2727 274 2765 quae
299 2715 591 2755 circumstabant
614 2715 788 2763 seiunxit,
812 2719 855 2755 ut
878 2715 986 2764 quasi
1010 2714 1134 2760 στίχοι
1157 2716 1300 2751 fierent.

320 2782 365 2827 ⁸⁸)
378 2780 637 2826 Aristophanis
648 2781 754 2816 locos
766 2790 860 2826 quos
874 2779 980 2816 attuli
993 2791 1014 2816 e
1027 2779 1259 2816 canticorum
1270 2779 1434 2816 editione
1444 2772 1741 2816 Schroederiana

177 2835 300 2884 (1909)
323 2837 479 2884 sumpsi.
770 2857 774 2859 >

159 2950 164 2953 ²
321 2902 366 2949 ⁸⁷)
391 2903 528 2947 ἅγησαι
547 2906 595 2948 τᾷ
615 2901 754 2948 γηραίᾳ
773 2902 780 2948 Ι
801 2903 897 2947 πρὸς
912 2901 1017 2937 τάνδ’
1034 2901 1170 2937 αὐλάν·
1185 2902 1217 2936 ὦ
1234 2901 1379 2946 τέκνον,
1398 2901 1430 2936 ὦ
1447 2902 1514 2936 παῖ
1533 2899 1539 2948 Ι
1557 2902 1743 2937 δυστανο-

177 2958 291 3011 τάτας
317 2958 486 3004 ματέρος,
511 2958 624 2996 ἔξελθ’
646 2959 653 3005 1
674 2958 789 2996 ἔξελθ’
807 2958 923 2994 οἴκων
948 2958 1004 2993 ἄιε
1031 2958 1191 3002 ματέρος
1211 2957 1218 3003 Ι
1239 2958 1359 2994 αὐδάν
1384 2985 1392 2994 .
1411 2984 1420 2993 .
1440 2985 1448 2994 .
