2041 3293
807 198 876 217 -r
926 176 981 218 31
1043 200 1101 208 .-.

173 318 280 361 quos
313 306 535 367 Euripides
565 308 611 349 in
642 307 819 350 canticis
849 305 1053 362 adhibuit,
1084 306 1192 349 nihil
1215 306 1376 363 proprii
1407 306 1603 350 docuisse
1633 306 1738 350 inde

168 379 354 430 apparet,
371 377 485 430 quod
506 376 760 430 dactylicam
779 376 957 417 formam
978 377 1299 430 anapaestorum
1321 375 1553 434 legitimam
1572 375 1736 429 ubique

171 445 419 498 agnoscunt.
472 443 595 495 Quod
634 444 678 485 hi
718 444 802 486 loci
843 443 1152 486 demonstrant:
1197 443 1432 498 Heph.·24,
1473 444 1645 485 13—15
1673 443 1705 485 O
1721 458 1730 485 :

170 512 219 554 τὸ
253 514 300 554 δὲ
331 512 633 556 ἀναπαιστικὸν
671 513 775 555 κατὰ
805 515 951 554 πᾶσαν
982 514 1127 565 χώραν
1159 513 1320 564 δέχεται
1352 514 1592 566 σπονδεῖον,
1632 511 1734 554 ἀνά-

168 591 362 634 παιστον,
400 582 594 632 σπανίως
626 582 672 622 δὲ
702 581 768 622 καὶ
798 581 1190 633 προκελευματικόν,
1227 580 1342 632 παρὰ
1372 582 1420 621 δὲ
1449 583 1538 630 τοῖς
1576 582 1730 631 δραμα-

166 650 360 698 τοποιοῑς
395 648 461 691 καὶ
497 647 714 690 δάκτυλον.
755 647 859 689 Mar.
880 647 1039 689 Victor.
1071 646 1144 689 GL
1164 647 1227 688 Π
1249 648 1316 700 75,
1350 648 1545 688 10—12:
1587 649 1732 703 recipit

165 719 304 757 autem
340 715 387 757 id
421 720 595 758 metrum
625 715 749 771 pedes
784 719 977 771 quattuor
1010 716 1140 771 spatio
1177 720 1401 770 temporum
1431 729 1573 771 pares,
1609 715 1733 771 sylla»

168 783 314 825 barum
361 797 530 825 numero
573 784 766 839 dispares,
806 784 1038 839 spondeum,
1084 785 1156 839 qui
1194 788 1263 831 est⁴
1293 785 1508 839 anapaesti
1546 784 1730 837 collectio,

169 851 387 907 dactylum,
411 851 793 907 proceleumaticum
823 857 860 894 et
890 851 1060 894 eundem
1091 856 1368 908 anapaestum.

310 919 441 962 Hunc
479 919 695 973 dactylum
734 921 818 961 nisi
848 922 895 961 in
923 921 1064 974 priore
1096 920 1346 961 monometri
1382 919 1491 974 pede
1523 920 1732 961 collocare

168 999 256 1028 non
285 987 415 1029 licere
440 987 648 1030 docebant
666 988 970 1039 Alexandrini3
1003 988 1116 1042 quod
1137 989 1315 1029 testatur
1334 987 1470 1029 Diom.
1493 987 1566 1030 GL
1586 988 1608 1029 Ι
1630 989 1731 1043 504,

170 1056 366 1098 32-35;
397 1057 467 1099 sed
497 1057 704 1114 dactylum
743 1071 958 1113 nunquam
996 1058 1142 1113 recipit
1173 1058 1255 1099 nisi
1283 1058 1329 1098 in
1365 1053 1520 1099 dextris
1542 1057 1727 1112 pedibus,

168 1125 227 1166 vel
256 1139 450 1182 quemque
479 1139 527 1166 ex
557 1126 638 1167 illis
668 1126 825 1179 aliis⁸);
858 1126 903 1167 in
932 1126 1111 1167 sinistris
1141 1139 1231 1167 vero
1255 1139 1373 1180 quem
1398 1125 1491 1167 libet
1510 1139 1563 1167 ecc
1587 1125 1728 1179 tribus,

160 1207 242 1248 pro
272 1198 319 1235 ut
347 1207 412 1235 res
451 1194 633 1249 eoeeyerit
672 1198 790 1235 extra
828 1193 1045 1249 dactylum,
1086 1193 1309 1248 spondeum
1349 1193 1585 1249 tribrachyn
1626 1207 1730 1234 ana-

159 1260 403 1317 paestum4).
449 1260 534 1303 Hic
565 1261 737 1315 quidem
768 1261 887 1303 testis
912 1260 1080 1303 Stoicus
1111 1263 1195 1311 est3
1228 1260 1303 1302 sed
1328 1260 1460 1303 Stoici
1491 1260 1728 1303 doctrinam

167 1328 218 1370 ab
259 1328 563 1370 Alexandrinis
603 1331 887 1384 sumpserunt,
931 1328 1045 1383 quod
1085 1341 1141 1371 ex
1184 1329 1344 1371 scholio
1384 1328 1729 1384 Hephaestioneo

166 1400 339 1452 apparet
377 1397 473 1451 131,
507 1398 681 1439 13—24
712 1396 766 1439 G:
809 1399 978 1449 ζητεῖται
1014 1400 1108 1447 πῶς
1139 1398 1188 1439 τὸ
1220 1397 1523 1439 ἀναπαιστικὸν
1554 1397 1726 1441 ἐδέξατο

165 1466 239 1507 τὸν
262 1465 491 1507 ἀντίπαλον
517 1466 721 1515 δάκτυλον
754 1466 882 1507 καίτοι
911 1467 988 1507 τὸν
1014 1465 1277 1507 ἀνάπαιστον
1299 1466 1352 1516 μή
1385 1466 1615 1516 δεξαμένου
1647 1468 1725 1507 τοῦ

166 1535 422 1575 δακτυλικοῡ.
470 1535 607 1585 φαμὲν
640 1534 731 1587 οὖν,
763 1533 824 1583 ὡς
854 1535 902 1575 τὸ
936 1534 1010 1584 μέν
1042 1534 1130 1575 ἐστι
1161 1534 1349 1584 καθαρὸν
1381 1534 1446 1574 καὶ
1471 1533 1606 1583 μόνου
1631 1533 1726 1575 ἀνε-

166 1601 347 1653 χόμενον
390 1602 621 1643 σπονδείου
664 1601 897 1653 ἰσοχρόνου
929 1615 974 1643 τε
1005 1602 1070 1642 καὶ
1111 1600 1271 1652 ὁμοίως
1310 1600 1560 1654 ἀρχομένου,
1596 1601 1644 1643 τὸ
1678 1604 1727 1644 δὲ

168 1668 466 1712 ἀναπαιστικόν
492 1668 728 1712 εἰσεδέξατο
761 1670 827 1712 καὶ
857 1670 933 1711 τὸν
964 1669 1400 1721 προκελευσματικόν·
1422 1669 1536 1711 ἔστιν
1569 1669 1647 1712 οὖν
1680 1670 1726 1712 ἐν

167 1737 282 1791 αὐτῷ
322 1738 388 1778 καὶ
427 1737 451 1778 ὁ
484 1737 689 1788 δάκτυλος
728 1739 753 1788 ἢ
792 1740 1023 1788 σπονδεῖος
1063 1737 1124 1778 ὢν
1166 1737 1467 1788 διαλελυμένος
1506 1738 1531 1788 ἢ
1574 1750 1726 1789 προκε-

168 1806 444 1858 λευσματικὸς
482 1806 786 1860 συνῃρημένος.
829 1801 973 1857 ἄλλως
1002 1818 1059 1858 τε,
1097 1805 1202 1847 κατὰ
1240 1805 1432 1847 διποδίαν
1475 1805 1726 1857 βαινόμενος

163 1873 235 1915 διὰ
266 1876 340 1924 τὴν
373 1875 474 1924 μῖξιν
503 1874 638 1916 τόπον
670 1873 769 1926 ἔσχε
804 1874 835 1929 †
862 1876 1018 1927 μαθεῖν,
1056 1873 1118 1915 ὅτι
1155 1874 1200 1915 ἐν
1231 1873 1359 1928 ἡρῲῳ
1400 1874 1592 1928 δακτύλῳ
1625 1874 1725 1915 ἐπα-

164 1941 349 1993 γόμενος
389 1941 653 1993 ἀνάπαιστος
688 1942 924 1994 χαυνότητα
964 1944 1072 1984 ποιεῖ
1102 1942 1169 1983 διὰ
1197 1942 1246 1983 τὸ
1281 1941 1600 1992 ἀλλεπάλληλον
1636 1944 1728 1984 τῶν

128 2041 147 2061 .
168 2011 385 2063 βραχειῶν,
410 2010 477 2057 ἐν,
514 2011 654 2061 μέντοι
694 2010 979 2064 ἀναπαιστικῷ
1018 2008 1042 2050 ὁ
1081 2009 1286 2060 δάκτυλος
1326 2010 1608 2061 κεκρυμμένην
1647 2010 1725 2060 τὴν

168 2077 367 2120 σύνταξιν
390 2079 562 2119 ποιεῖται
586 2079 662 2128 τῆς
688 2078 846 2128 μίξεως.
890 2077 1033 2118 Verba
1055 2076 1155 2118 inde
1181 2077 1233 2117 ab
1256 2076 1397 2128 ἄλλως
1428 2090 1483 2130 τε,
1516 2081 1724 2130 quantum

169 2144 343 2198 quidem
383 2123 607 2187 cdntextus
648 2147 873 2199 corruptus
914 2145 1113 2199 cognosci
1152 2144 1271 2197 sinit,
1310 2144 1370 2185 ita
1408 2144 1726 2198 interpretanda

167 2215 291 2253 sunt:
323 2212 375 2253 In
407 2213 651 2254 hexametro
682 2212 811 2254 heroo
842 2213 878 2254 si
910 2213 1161 2267 anapaestus
1192 2211 1371 2266 dactylis
1401 2212 1724 2267 immisceretur,

167 2279 433 2322 diversorum
473 2284 703 2322 metrorum
743 2280 892 2322 breves
936 2280 1123 2334 syllabae
1166 2280 1246 2321 sibi
1290 2284 1561 2322 occurrentes
1602 2293 1726 2322 aures

165 2348 470 2400 obtunderent3
502 2348 549 2389 in
573 2348 850 2402 anapaesticis
881 2349 1022 2390 autem
1046 2347 1250 2401 versibus,
1283 2361 1381 2389 cum
1405 2349 1508 2390 κατὰ
1534 2348 1726 2390 διποδίαν

168 2415 423 2471 digerantur,
456 2416 615 2470 dactyli
646 2429 745 2458 cum
766 2416 1002 2471 anapaestis
1024 2416 1273 2471 compositio
1295 2429 1381 2458 non
1406 2416 1600 2470 sentitur,
1626 2429 1725 2458 cum

168 2483 363 2538 dactylus
395 2485 516 2538 quasi
553 2485 682 2526 lateat
720 2483 900 2539 dipodia.
931 2509 989 2515 —
1019 2484 1114 2526 Hoc
1143 2484 1260 2526 nullo
1292 2484 1417 2526 modo
1448 2484 1546 2526 fieri
1575 2486 1725 2539 potest,

167 2552 203 2593 si
240 2553 490 2595 monometri
529 2552 681 2608 pedem
721 2554 999 2607 posteriorem
1035 2553 1232 2607 dactylus
1272 2553 1446 2607 obtinet,
1484 2553 1729 2607 insequitur

310 2679 337 2724 8)
363 2679 388 2715 1.
403 2689 434 2714 e.
448 2681 596 2724 praeter
609 2678 802 2725 ⁴dactylum
819 2678 859 2714 in
875 2679 1005 2714 dextro
1022 2678 1116 2724 pede
1134 2678 1247 2715 etiam
1264 2678 1481 2724 spondeum,
1498 2678 1727 2725 tribrachyn,

166 2737 412 2778 anapaestum
434 2734 567 2779 recipit
590 2737 749 2770 metrum
774 2734 1066 2780 anapaesticum.

309 2791 339 2836 ⁴)
363 2790 484 2827 Verbo
501 2790 655 2827 ‘dexter'
667 2789 814 2826 Stoicos
830 2790 962 2836 pedem
979 2790 1151 2835 priorem,
1168 2789 1283 2826 verbo
1296 2789 1470 2826 ‘sinister’
1481 2790 1725 2836 posteriorem

166 2843 398 2889 significasse
422 2846 670 2893 fragmentum
685 2846 926 2883 Berolinense
953 2846 1194 2891 demonstrat,
1221 2846 1320 2891 quod
1337 2846 1499 2883 Stoicam
1517 2847 1725 2883 doctrinam

165 2900 329 2946 praebet.
349 2901 457 2948 (Betl.
483 2903 604 2939 Klass.
630 2903 742 2949 Fgm.,
772 2904 844 2939 vol.
863 2903 894 2940 V
909 2904 943 2948 2,
977 2914 1083 2950 pagg.
1111 2903 1310 2949 140-142,
1344 2903 1408 2939 ubi
1441 2904 1526 2940 vide
1548 2904 1727 2940 Wilamo-

165 2956 329 2993 witzium
354 2959 627 3005 disputantem).
