2041 3293
807 170 1141 223 ‘ww-

215 309 333 362 Quas
361 310 519 355 formas
550 322 698 353 omnes
727 310 851 353 novis
879 301 1028 353 formis
1059 322 1164 365 quas
1196 309 1321 352 modo
1351 310 1629 356 tractavimus
1652 310 1779 365 quasi

92 376 93 379 ’
122 376 128 380 ’
173 392 177 396 ’
215 379 466 435 cogentibus
497 383 612 422 ortas
641 391 736 421 esse
765 390 893 422 nemo
924 391 1010 421 non
1039 378 1262 433 intellegit.

354 448 512 503 Restat,
542 449 593 490 ut
622 448 897 490 monumenta
912 447 1193 503 ‘anapaestica
1222 446 1373 491 Latina
1404 460 1513 502 quae
1544 448 1782 502 supersunt

177 522 181 525 ’
207 518 453 560 tractemus.
511 515 606 567 Qua
636 528 683 558 re
713 516 806 559 sine
835 515 967 558 dubio
1002 514 1220 558 nonnullis
1251 514 1380 558 rebus
1409 514 1550 557 adhuc
1581 514 1780 558 obscuris

200 585 258 627 -et
286 583 428 627 dubiis
451 584 549 640 plus
572 583 682 627 lucis
702 582 919 637 afferetur,
944 584 1172 638 praecipue
1192 583 1517 627 acatalectarum
1541 584 1779 626 formarum

209 653 322 695 usui.

550 908 555 912 .
827 894 831 897 ,
861 847 1014 905 Caput
1042 849 1127 893 IV.

405 927 474 987 De
504 943 837 987 Romanorum
870 942 1182 986 carminibus
1213 943 1567 998 anapaesticis.

220 1095 224 1099 q
349 1037 418 1081 Ex
447 1038 618 1095 imperii
646 1038 828 1081 Romani
863 1031 1124 1094 temporibus
1160 1037 1309 1094 primis
1344 1037 1459 1081 inter
1494 1030 1775 1083 monumenta
1830 1067 1832 1070 ι

206 1108 474 1166 anapaestico.
504 1121 612 1162 quae
643 1110 873 1164 supersunt
900 1107 1122 1150 notissima
1151 1107 1253 1148 sunt
1276 1106 1463 1149 Senecae
1485 1106 1650 1148 cantica
1669 1119 1770 1149 ana-

206 1175 404 1231 paestica‚
435 1187 543 1231 quae
577 1176 774 1219 constant
804 1187 828 1218 e
857 1174 1133 1218 monometris
1168 1173 1401 1217 formarum
1422 1168 1661 1214 ’πυ-υπ-
1691 1187 1776 1231 per

206 1244 458 1299 synaphiam
483 1245 701 1295 connexis.
734 1242 858 1295 Quod
882 1255 1020 1298 genus
1040 1242 1181 1286 denuo
1202 1244 1391 1286 occurrit
1413 1243 1585 1287 saeculo
1606 1245 1773 1298 quarto,

206 1324 290 1367 quo
321 1313 553 1366 Ausonius,
584 1315 626 1354 et
656 1314 791 1366 sexto,
822 1310 1156 1368 quo'Luxorius
1187 1314 1230 1353 et
1258 1310 1467 1353 Boethius
1497 1324 1548 1354 eo
1573 1313 1772 1366 utuntur,

203 1383 294 1422 arte
324 1380 502 1422 metrica
529 1381 615 1421 iam
644 1379 804 1434 passim
832 1378 1052 1421 labefacta.
1104 1378 1367 1421 Paroemiaci
1391 1381 1498 1421 κατὰ
1521 1381 1668 1432 στίχον
1693 1380 1767 1422 ad-

204 1446 329 1489 hibiti
353 1447 524 1490 saeculo
550 1446 738 1499 secundo
764 1450 994 1498 occurrunt
1017 1446 1064 1498 in
1085 1445 1234 1488 Sereni
1254 1447 1531 1501 Annianique
1550 1448 1771 1502 reliquiis,

202 1527 314 1558 anno
346 1515 517 1558 circiter
547 1515 839 1558 ducentesimo
869 1512 1076 1558 Hosidius
1105 1514 1152 1558 in
1176 1514 1394 1571 tragoedIa
1416 1515 1491 1558 illa
1516 1516 1586 1558 cui
1606 1528 1764 1559 nomen

203 1589 269 1627 est
304 1585 454 1629 Medea
488 1586 569 1628 tria
606 1586 772 1628 cantica
807 1581 1086 1640 paroemiacis
1123 1585 1382 1639 composuit3
1421 1585 1605 1626 eundem
1635 1597 1771 1626 usum.

201 1652 407 1708 praebent
444 1654 681 1708 Ausonius,
721 1652 999 1708 Prudentius.
1018 1703 1021 1706 ¹
1039 1651 1274 1695 Martianus
1316 1652 1502 1708 Capella,
1543 1651 1761 1695 Boethius.

201 1720 434 1779 Lapidibus
454 1722 590 1764 incisa
610 1721 696 1763 duo
718 1720 906 1762 carmina
924 1721 1099 1762 inventa
1118 1724 1228 1774 sunt,
1250 1732 1359 1774 quae
1379 1719 1772 1763 Buecheler-Riese

201 1786 430 1830 ediderunt
459 1787 631 1839 Anthol.
657 1787 746 1829 Lat.
768 1787 813 1829 H
833 1788 878 1841 2,
915 1800 957 1829 n.
980 1787 1235 1839 1523—243
1272 1788 1445 1830 tertium
1476 1787 1762 1843 fragmentum

200 1848 356 1911 Peiper
384 1855 510 1897 affert
537 1856 583 1896 in
614 1855 797 1897 Ausonii
828 1855 1013 1897 editione
1044 1868 1137 1910 pag.
1159 1856 1215 1896 56
1247 1859 1387 1897 annot.

341 1923 432 1965 Iam
469 1922 648 1978 singulis
684 1922 834 1965 formis
854 1935 990 1973 suum
1019 1922 1162 1983 locum
1194 1922 1476 1966 concedamus
1506 1924 1551 1966 in
1585 1936 1773 1979 anapae--

200 1993 362 2032 storum
407 1991 593 2032 historia.
647 1992 717 2033 Ac
751 1991 936 2045 primum
952 2016 955 2025 =
974 1990 1147 2045 quidem
1196 1991 1249 2033 de
1291 1991 1478 2034 Senecae
1521 1992 1771 2047 anapaestis.

199 2060 412 2116 agendum
442 2061 532 2103 erit.
583 2060 649 2103 De
679 2060 837 2115 quibus
861 2072 1119 2115 quamquam
1139 2072 1238 2106 cum
1258 2060 1331 2101 alii
1350 2052 1440 2101 tum
1463 2058 1550 2101 Leo
1559 2060 1591 2112 ¹)
1620 2058 1770 2101 fusius-

199 2127 412 2182 disseruit,
442 2131 584 2170 tamen
613 2140 755 2183 neque
785 2128 903 2180 origo
933 2139 1073 2181 neque
1103 2129 1255 2169 natura
1291 2139 1441 2170 eorum
1477 2126 1618 2169 adhue
1657 2126 1771 2168 satis

197 2195 408 2250 explicata
438 2196 513 2238 est.
564 2197 706 2249 Atque
738 2194 959 2249 quaeritur
977 2194 1206 2249 imprimis,
1237 2199 1383 2238 utrum
1407 2194 1572 2237 Seneca
1593 2195 1640 2236 in
1661 2208 1769 2236 ana-

177 2251 354 2317 'paestis
390 2262 693 2319 componendis
728 2263 911 2306 Graecos
946 2264 1091 2318 poetas
1126 2256 1315 2304 imitatus
1351 2263 1417 2316 sit,
1454 2276 1510 2304 an
1546 2263 1638 2317 ipse
1676 2262 1758 2304 sibi

121 2780 124 2795 ‚
193 2739 384 2801 Senecae
413 2739 611 2801 earmina⁴
630 2740 898 2793 anapaestica
927 2751 951 2781 e
981 2737 1255 2781 monometris
1286 2739 1519 2793 composita
1543 2737 1630 2779 sint
1653 2751 1708 2779 an
1730 2751 1754 2780 e
1821 2770 1847 2788 ,-

181 2805 387 2875 dimetris
429 2815 483 2849 an
526 2819 582 2849 ex
625 2805 918 2876 hypermetris.
969 2806 1056 2849 Leo
1100 2806 1264 2849 cantica
1305 2805 1380 2847 illa
1422 2818 1445 2847 e
1484 2805 1675 2847 dimetris
1713 2809 1756 2848 et

198 2343 323 2373 usum
354 2342 479 2372 suum
518 2330 797 2374 constituerit.
849 2330 968 2381 Quae
1003 2335 1089 2372 res'
1109 2344 1133 2373 e
1161 2330 1311 2372 formis
1341 2330 1447 2384 ipsis
1478 2329 1758 2372 demonstrari

197 2410 283 2441 non
312 2398 460 2453 potest,
492 2410 590 2440 cum
621 2401 896 2441 monumenta
926 2397 1102 2453 Graeca,
1134 2397 1291 2453 quibus
1322 2398 1474 2440 similis
1505 2398 1766 2453 compositio-

196 2469 370 2518 exstare
401 2466 588 2520 videtur,
626 2467 770 2508 omnia
802 2468 1042 2510 recentiora
1077 2467 1164 2508 sint
1198 2473 1240 2508 et
1275 2466 1489 2516 mufflata3
1528 2467 1754 2520 explicatio

195 2534 337 2590 potius
358 2546 414 2576 ex
435 2546 516 2575 usu
537 2534 664 2588 atque
686 2534 879 2576 doctrina
899 2534 1002 2577 artis
1021 2534 1223 2577 metricae
1242 2534 1473 2589 repetenda
1489 2537 1566 2587 est,
1587 2533 1756 2588 qualem

194 2602 310 2657 apud
330 2601 517 2644 Senecae
535 2601 733 2655 aequales
754 2603 797 2643 et
812 2601 998 2644 Graecos
1020 2605 1064 2644 et
1078 2601 1290 2644 Romanos
1310 2593 1680 2657 deprehendimus.
1700 2625 1754 2631 —

193 2669 342 2712 Altera
372 2681 540 2725 quoque
571 2670 764 2723 quaestio
793 2669 1042 2724 gravissima
1071 2669 1209 2712 adhuc
1233 2682 1319 2712 non
1346 2670 1485 2712 soluta
1505 2670 1578 2723 est,
1608 2673 1761 2712 utrum

339 2907 367 2950 ι)
389 2905 443 2943 De
468 2905 633 2942 Senecae
651 2907 767 2951 tragg.
785 2905 957 2952 obser-vv.
976 2905 1071 2941 critt.
1089 2903 1221 2950 (1878),
1239 2915 1322 2951 pag.
1339 2905 1388 2941 98
1396 2915 1476 2951 sqq.
1502 2904 1582 2940 ‘Die
1598 2904 1764 2951 Compos

191 2960 306 2997 sitien
330 2960 397 2998 der
422 2961 638 2999 Chorlieder
660 2961 846 3006 Semcas’,
870 2961 964 2997 Mus.
981 2961 1100 2997 Rhen.
1118 2960 1205 2996 52A
1231 2960 1365 3007 (1897),
1389 2972 1496 3007 pagg.
1513 2960 1690 2998 509—18.
