2041 3293
1 377 11 395 Ι
48 321 87 378 f
109 305 114 385 μ’
136 372 143 381 .
192 293 280 378 'nen
313 323 406 382 iam
433 314 675 383 diligenter
690 326 953 370 observatam
984 327 1121 370 fuisse
1152 327 1325 383 opinor,
1357 312 1471 383 quod
1506 327 1581 369 illa
1610 329 1759 381 aetate,

101 409 112 448 ‘.
187 392 306 462 'cum
312 394 576 448 monometri
605 394 653 437 in
681 406 770 438 usu·
798 398 968 451 essent,
984 394 1111 439 facile
1140 394 1238 438 fieri
1267 393 1427 451 potuit:

448 513 450 516 ,
476 473 530 515 ὦ
545 475 649 525 μέγα
677 475 811 518 πᾶσιν
841 475 980 526 χάρμα
1011 477 1226 527 βροτοῖσιν

475 539 561 583 ἀπὸ
593 543 698 594 σῶν,
719 539 847 593 ἱερῶν
877 541 1060 594 ματέρος
1090 539 1222 594 ἁγνᾶς

475 603 710 661 προθορὼν
739 612 929 651 τοκετῶν
948 641 958 650 .
981 641 990 650 .
1013 641 1021 650 .

475 675 567 720 ἀλλ’
589 671 674 719 ὅτε
689 675 822 719 Λατὼ·
880 696 883 699 ’
1137 727 1139 729 ¹

475 735 583 798 ὠδὶς
608 739 698 796 ἱερὰ
727 744 874 788 λάζετο
904 746 1064 797 πᾶσαν,

475 811 811 876 ὀροθυνομὲνων
841 811 1029 863 διδύμων
1059 813 1245 853 τοκετῶν

475 878 645 922 ἔνδοθι
651 881 810 933 σηκῶν,
840 879 992 922 ἵστατο
1025 880 1102 931 μὲν
1132 892 1198 933 γα,

473 948 627 989 ἵστατο
659 946 699 989 δ’
720 947 814 1000 ἀήρ,
845 947 1034 995 πάγνυτο
1065 949 1215 1030 νασος,

474 1015 682 1065 πάγνυτο
691 1016 822 1067 κῦμα·

412 1098 415 1102 ’
475 1082 557 1124 ἀνὰ
589 1081 628 1124 δ’
650 1082 845 1134 ἐξέθορες
876 1082 995 1133 μάντι
1025 1080 1239 1133 Λυκωρεῦ,

473 1148 628 1196 τοξότα
658 1148 799 1208 Φοῖβε,

438 1229 442 1230 ’
473 1215 579 1258 κατὰ
608 1215 931 1270 χρησμολάλων,
963 1217 1152 1270 βασιλεῦ,
1182 1216 1411 1268 τριπόδων.
1445 1241 1499 1247 ——

190 1300 315 1353 Quod
335 1301 487 1345 attinet
506 1301 560 1343 ad
579 1280 857 1344 monumenta
875 1301 1073 1355 Latina,'
1059 1315 1145 1344 iam
1166 1302 1590 1344 commemoravimus
1615 1304 1758 1358 (supra

188 1381 281 1425 pag.
305 1370 376 1420 69)
405 1368 640 1423 Boeth11⁵⁵)
675 1368 954 1412 imitationem
992 1369 1213 1428 stichicam
1250 1361 1538 1412 membrorum
1569 1367 1758 1411 dimetri-

188 1449 337 1482 corum
356 1436 518 1478 formae
537 1448 716 1488 π-π,
727 1459 994 1475 -----
994 1470 1004 1492 ‚
1027 1450 1135 1491 quae
1155 1424 1313 1479 iterata
1326 1436 1574 1492 saepissime
1595 1436 1755 1479 Seneca

188 1503 392 1546 adhibuit.
438 1503 523 1547 Sed
546 1503 754 1545 Boethius
782 1512 988 1559 persaepe
1019 1528 1077 1535 -—
1106 1504 1153 1546 id
1177 1503 1293 1558 quod
1315 1516 1457 1558 neque
1481 1503 1661 1547 Seneca·
1644 1516 1757 1546 --um

188 1585 316 1627 quam
352 1570 524 1614 admisit
558 1584 701 1625 neque
735 1571 904 1624 metrici
940 1567 1169 1627 scriptores
1203 1570 1439 1626 probabant
1475 1596 1532 1602 —
1562 1571 1757 1612 ultimam

190 1639 398 1693 syllabam
421 1639 545 1681 metri
558 1627 724 1694 >'prioris
745 1638 948 1693 dissolvit,
969 1637 1267 1681 antecedentes
1278 1641 1363 1684 aut
1379 1638 1528 1693 longas
1548 1638 1758 1692 formavit,

190 1709 266 1748 aut
293 1706 479 1762 primum
511 1719 683 1761 quoque
712 1704 863 1761 pedem
895 1705 1155 1760 dactylicum
1186 1707 1438 1760 construxit,
1468 1707 1529 1748 ita
1557 1709 1608 1748 ut
1631 1707 1759 1748 tetra-

190 1777 348 1817 metros
363 1774 596 1829 dactylicos
613 1773 797 1817 edidisse
813 1772 1029 1816 videatur:
1050 1773 1074 1815 I
1089 1774 1130 1828 5,
1147 1774 1214 1815 16.
1232 1775 1300 1816 33.
1325 1773 1393 1816 ΠΙ
1409 1774 1448 1828 2,
1467 1774 1534 1816 11.
1554 1774 1621 1815 19.
1641 1773 1704 1815 IV
1718 1773 1757 1827 6,

44 1842 49 1852 “
111 1858 114 1860 ·
193 1843 261 1884 19.
278 1842 347 1887 26.
374 1842 415 1884 V
434 1843 472 1895 3,
495 1843 534 1884 6.
552 1842 619 1884 13,
637 1842 706 1883 26.
737 1842 853 1885 Raro·
868 1842 916 1883 in
936 1829 1085 1883 eodem
1108 1844 1241 1883 metro
1264 1840 1461 1895 dactylus
1483 1843 1757 1895 anapaestum

91 2919 115 2929 A

191 1910 408 1964 sequitur:
429 1909 507 1952 ΠΙ
523 1910 562 1964 2,
581 1910 648 1952 10.
679 1909 741 1951 IV
760 1909 798 1964 6,
815 1909 884 1951 29.
917 1908 1014 1952 Uno
1033 1908 1128 1951 loco
1149 1907 1228 1963 (IV
1246 1910 1285 1964 6,
1302 1908 1376 1966 20)
1398 1909 1523 1952 etiam
1544 1908 1758 1965 posterius

190 1977 374 2019 metrum
410 1978 457 2017 iu
495 1977 602 2018 duas
639 1977 826 2030 syllabas
862 1974 1015 2018 breves
1052 1977 1154 2018 exit.
1191 2000 1250 2007 —
1280 1976 1409 2031 Apud
1439 1977 1681 2018 Ausonium
1717 1974 1778 2019 et'

191 2043 430 2087 Luxorium
460 2044 616 2087 adouei
636 2045 883 2099 frequentia
905 2044 1023 2086 tanta
1043 2047 1108 2087 est
1126 2049 1299 2098 tamque
1321 2044 1508 2098 molesta,
1540 2049 1589 2086 ut
1608 2048 1760 2086 natura

192 2111 286 2154 eius
311 2112 551 2167 singularis,
584 2125 711 2167 quam
732 2112 845 2168 apud
866 2112 1073 2158 Senecam
1095 2111 1425 2166 observavimus,
1454 2112 1581 2167 plane
1600 2125 1758 2154 evanu-

191 2180 284 2222 erit.
314 2178 426 2222 Nam
441 2193 582 2235 neque
597 2180 681 2222 iam
698 2181 929 2236 sententias
945 2179 1114 2234 claudit,
1130 2192 1270 2234 neque
1291 2181 1539 2235 argumento
1561 2179 1757 2234 augendo

190 2247 382 2291 inservit.
432 2248 652 2303 Synaphia
683 2273 739 2279 —
771 2246 887 2303 quod
921 2248 1151 2304 praecipue
1187 2247 1301 2303 apud
1319 2303 1320 2306 Ἰ
1337 2248 1578 2290 Ausonium
1614 2248 1759 2290 obser-

191 2315 289 2357 vavi
321 2339 376 2347 —
407 2329 496 2366 non
524 2316 607 2358 iam
641 2317 769 2358 certis
796 2315 905 2358 locis
936 2316 1149 2371 certisque
1179 2316 1233 2359 de
1258 2317 1400 2358 causis
1420 2316 1559 2358 soluta
1578 2317 1653 2370 est,
1683 2315 1758 2359 sed

191 2382 364 2440 ubique,
395 2387 438 2428 et
467 2385 563 2441 post
592 2376 805 2427 adoneum
835 2385 879 2427 et
905 2388 1004 2440 post
1031 2384 1136 2428 alias
1165 2377 1334 2428 formas.
1386 2384 1482 2436 Qua
1509 2398 1558 2428 re
1581 2385 1759 2428 fortasse

192 2456 552 2503 monometrorum
592 2465 720 2495 usum
760 2452 986 2495 stichicum
1026 2455 1176 2509 poetae
1214 2453 1373 2495 imitari
1410 2453 1647 2496 studebant.
1706 2452 1760 2495 Iu
1799 2448 1801 2450 ’

145 2532 147 2535 ’
191 2520 324 2586 altero
355 2522 542 2563 carmine
574 2522 758 2588 Ausonii
786 2523 894 2577 (pag.
916 2522 969 2564 67
1004 2521 1174 2576 Peiper)
1203 2523 1324 2576 quini
1354 2523 1608 2565 monometri
1637 2523 1760 2575 quasi

85 2597 92 2604 ·
151 2598 153 2602 ’
190 2586 386 2644 strophas
404 2588 611 2641 formant3
644 2586 825 2632 alterum
843 2591 980 2652 §pagg
1003 2589 1059 2631 54
1074 2589 1194 2644 -56)
1217 2589 1482 2632 simillimum
1503 2591 1570 2632 est
1588 2589 1761 2644 Synesii

3 2656 22 2689 ,“
190 2655 374 2714 hymnis.
404 2656 502 2698 Non
529 2655 774 2711 diligentior
797 2657 846 2697 in
868 2661 1196 2712 'anapaestorum
1216 2658 1522 2712 compositione
1543 2657 1759 2699 Luxorius

192 2727 269 2780 est,
294 2724 387 2783 qui,
424 2727 473 2767 ut
501 2724 719 2780 Boethius,
755 2724 803 2767 in
840 2726 1117 2781 quantitatem
1154 2724 1412 2780 syllabarum
1451 2738 1757 2781 nonnunquam

14 2840 33 2848 ,
57 2805 62 2812 “
133 2835 144 2842 ,
154 2783 396 2877 peccavit,
417 2779 533 2836 velut
552 2793 725 2846 Anthol.
741 2793 830 2836 Lat.
846 2793 870 2835 I
886 2794 925 2848 1,
941 2794 1040 2847 322,
1056 2795 1106 2836 3.
1129 2794 1340 2848 ‘coniugis
1360 2793 1515 2839 castae’
1536 2797 1579 2835 et
1594 2795 1693 2847 357,
1709 2795 1758 2835 8:

176 2859 281 2904 cui
310 2859 430 2905 dedit
457 2860 629 2917 plures’.
682 2860 915 2918 Corruptae
944 2861 1211 2917 labentisque
1248 2862 1352 2937 artis
1386 2861 1596 2905 indicium
1633 2854 1760 2905 etiam

293 2976 295 2979 '
335 2973 384 3021 ⁸⁸)
407 2974 586 3012 Boethius
611 2975 659 3012 de
682 2949 941 3030 consolatione
965 2974 1223 3028 philosophiae
1248 2986 1322 3012 ree.
1346 2976 1390 3012 R.
1407 2975 1540 3022 Peiper
1563 2975 1694 3021 (1871)
