2041 3293
809 185 1094 235 -—'3‚3--

168 313 429 370 Hephaestio
454 317 579 357 vocat
603 314 803 366 σύστημα,
822 313 866 358 ἐξ
890 314 1052 366 ὁμοίων
1076 315 1181 357 κατὰ
1203 315 1509 367 περιορισμοὺς
1536 314 1733 366 ἀνίσους;

170 382 224 424 cf.
244 375 315 436 70,
330 383 363 424 Β
381 381 425 423 C.
443 396 453 423 t
471 374 579 424 κατὰ
598 382 906 434 περιορισμοὺς
927 383 975 423 δὲ
995 382 1176 434 ἀνίσους
1197 383 1325 435 ἐστίν,
1348 381 1497 424 ὁπόσα
1512 383 1556 426 ἐξ
1569 381 1734 434 ὁμοίων

172 451 422 495 συνεστῶτα
459 450 541 502 ἔχει
576 449 796 501 κατάληξιν
831 450 857 501 ἢ
894 450 1274 502 βραχυκαταληξίαν
1312 450 1475 503 μεταξύ,
1507 450 1559 493 οὐ
1596 451 1735 501 μέντοι

129 561 133 565 ,
169 517 290 569 ἴσοις,
301 518 495 569 μεγέθεσι
513 517 669 569 ταύτην
690 517 986 568 ἑπιζευγμὲνην
1007 516 1088 558 ἀεί·
1110 516 1180 559 οἶα
1205 517 1388 568 μάλιστα
1411 520 1524 570 φιλεῖ
1545 519 1735 568 γίνεσθαι

171 585 219 629 ἐν
252 587 340 638 τοῖς
375 584 587 637 παρόδοις
622 587 710 628 τῶν
748 587 904 637 χορῶν.
945 583 1232 640 Hypermetra
1266 589 1419 640 autem,
1451 587 1498 628 ut
1535 589 1680 639 metra,
1711 599 1735 628 e

172 652 375 710 membris
406 651 662 707 quibusdam
692 653 925 707 composita
945 665 1044 695 ‘esse
1070 654 1299 707 scriptores
1324 654 1490 695 metrici
1516 653 1735 707 docebant,

172 733 283 776 quae
314 719 429 763 κῶλα
459 719 677 763 vocabant.
707 720 827 763 Haec
852 720 945 763 cola
967 720 1065 775 plus
1089 720 1277 763 sedecim
1302 725 1493 775 tempora
1517 723 1735 775 nunq'uam

173 788 403 838 habebant3
436 789 618 830 metrum
649 788 762 829 enim
794 800 850 829 ex
875 787 1043 829 duobus
1068 788 1171 829 colis
1196 788 1427 830 subsistere
1452 801 1533 830 nec
1558 788 1737 843 provehi

171 855 342 911 longius
384 854 489 899 Mar.
523 855 682 898 Victor.
718 855 843 898 docet
882 854 955 898 GL
984 855 1046 897 VI
1075 857 1144 915 83,
1171 857 1218 908 43
1259 856 1552 910 longissimum
1594 858 1737 898 autem

173 925 357 969 metrum
378 923 607 965 tetrametri
630 924 887 979 anapaestici
907 923 1045 965 forma
1066 923 1310 965 catalectica
1336 924 1410 978 est,
1432 935 1541 978 quae
1564 923 1738 979 triginta

172 993 365 1047 tempora
404 991 605 1034 continet.
647 991 824 1046 Singula
863 993 998 1034 metra
1034 992 1303 1046 anapaestica
1340 1004 1395 1034 ex
1432 992 1596 1047 octonis
1631 996 1737 1034 tem·
1799 997 1806 1003 '

172 1058 347 1114 poribus
363 1060 574 1110 constant3
600 1059 701 1110 bina
715 1059 849 1114 igitur
863 1062 997 1101 metra
1016 1062 1158 1102 κῶλον
1179 1058 1497 1114 appellabantur
1516 1060 1562 1101 in
1583 1059 1738 1114 hyper-

173 1127 320 1170 metris
345 1127 638 1182 anapaesticis,
669 1126 815 1169 Minus
840 1127 922 1169 tria
947 1128 1039 1169 cola
1062 1127 1381 1182 hypermetrum
1407 1127 1627 1170 continere
1651 1140 1738 1169 non

173 1198 353 1250 poterat3
387 1196 572 1237 δίκωλον
603 1195 931 1237 enim-metrum
962 1198 1028 1237 est
1050 1195 1420 1249 Aristophaneum.
1456 1195 1740 1250 Hypermetra

174 1263 317 1316 autem
332 1261 586 1317 pat-odorum
603 1262 871 1317 anapaestica
885 1263 1076 1314 περίοδοι
1090 1262 1352 1305 vocabantur
1371 1264 1575 1316 τρίκωλοι,
1597 1263 1739 1315 τετρά-

175 1333 343 1384 κωλοι,.
369 1331 629 1373 πεντάκωλοι
640 1332 682 1384 ⁶).
738 1331 927 1385 Apparet
973 1331 1107 1385 igitur
1153 1331 1421 1385 hypermetra
1471 1331 1739 1385 anapaestica

174 1399 260 1439 iam
285 1397 591 1440 Alexandrinis
628 1398 736 1439 nihil
772 1397 891 1440 aliud
919 1398 1011 1440 visa
1042 1410 1146 1452 csse,
1182 1399 1267 1439 nisi
1291 1398 1649 1453 Aristophaneum
1685 1398 1740 1440 ad

176 1465 409 1520 quamlibet
427 1465 739 1520 longitudinem
759 1464 1034 1520 productum;
1065 1467 1209 1520 itaque
1236 1466 1348 1520 quod
1377 1466 1429 1507 de
1454 1466 1664 1521 synaphia
1694 1466 1740 1507 in

177 1533 462 1587 hypermetris
486 1532 752 1575 observanda
776 1533 884 1574 nihil
908 1534 1112 1575 dixerunt
1135 1534 1349 1575 neminem
1372 1533 1573 1584 offendit3
1599 1545 1740 1587 neque

177 1600 290 1643 enim
324 1604 489 1643 metron
520 1613 661 1656 neque
694 1601 1006 1656 hypermetron,
1040 1603 1197 1656 quippe
1237 1615 1345 1656 quae
1381 1601 1548 1657 periodi
1585 1604 1740 1655 essent,

177 1669 386 1724 synaphia
426 1669 620 1724 neglecta
660 1669 760 1711 fieri
801 1672 1005 1724 poterant.
1061 1670 1216 1711 Tamen
1260 1669 1313 1711 de
1356 1670 1564 1725 synaphia
1605 1682 1741 1724 pauca

178 1737 358 1792 legimus
388 1737 499 1792 apud
525 1737 825 1780 Terentianum
856 1737 1067 1792 Maurum,
1103 1737 1178 1780 ubi
1216 1738 1268 1780 de
1305 1739 1445 1781 ionico
1483 1742 1617 1780 metro
1656 1737 1741 1780 dis-

178 1807 298 1860 putat
326 1804 416 1859 (GL
431 1806 493 1860 VI
516 1807 613 1859 370,
638 1819 702 1847 vv.
721 1804 918 1859 151217):
958 1811 1113 1849 metron
1148 1811 1283 1849 autem
1314 1820 1396 1849 non
1425 1806 1601 1849 versibus
1629 1806 1743 1849 istud

177 1887 347 1916 numero
377 1879 452 1916 aut
473 1874 626 1930 pedum
658 1875 853 1928 coartant,
884 1875 954 1917 sed
983 1876 1172 1917 continuo
1198 1868 1380 1917 carmine
1406 1876 1505 1931 quia
1527 1875 1651 1931 pedes
1675 1888 1763 1930 qe·-

179 1941 289 1984 melli
298 1942 327 1995 7)
357 1947 504 1999 urqent
533 1942 715 1985 brevibus
744 1946 801 1985 tot
831 1955 1002 1985 numero
1030 1943 1212 1999 iuyando
1248 1943 1398 1999 lonqas,
1429 1943 1579 1986 idcirco
1608 1943 1744 1985 vocari

179 2009 391 2052 voluerunt
421 2009 670 2061 συνάφειαν.
701 2012 961 2066 anapaestico»
987 2010 1096 2065 fiunt
1119 2011 1258 2052 itidem
1283 2025 1362 2066 per
1387 2011 1634 2062 συνάφειαν.
1673 2010 1744 2051 Ad

322 2116 351 2162 ⁶)
375 2109 565 2152 Inteisdum
591 2116 703 2152 etiam
729 2116 876 2162 singula
893 2118 1013 2152 metra
1029 2116 1273 2161 anapaestica
1290 2118 1392 2151 κῶλα
1408 2116 1631 2162 formabant,
1657 2127 1741 2152 cum

180 2181 359 2207 numerus
382 2175 699 2212 monometrorum
723 2172 844 2219 impar
867 2172 1104 2218 pasoemiaco
1129 2172 1386 2209 antecedebat.
1435 2172 1512 2208 Nos
1536 2173 1743 2219 systemata

172 2224 426 2273 ,anapaestica
450 2228 505 2265 ita
528 2229 626 2275 typis
653 2228 864 2265 describere
890 2229 1066 2273 solemus,
1090 2231 1132 2264 ut
1156 2229 1301 2274 singula
1326 2226 1410 2265 cola
1427 2229 1594 2275 singulos
1611 2240 1742 2264 versus

181 2283 385 2320 obtineant.
415 2284 670 2322 ‘Alexandrini
694 2284 857 2321 editores
882 2285 963 2320 καθ’
982 2285 1208 2329 ὑπέρμετρα,
1233 2290 1274 2320 ut
1289 2284 1344 2321 ita
1359 2285 1492 2329 dicam,
1517 2285 1743 2330 parodormn

182 2342 409 2385 anapaestos
440 2340 708 2387 disponebant3
741 2351 787 2377 ea
817 2341 913 2386 cola,
943 2341 1079 2387 quibus
1109 2340 1286 2387 periodus
1315 2341 1587 2387 longitudinem
1611 2353 1743 2378 versus

183 2395 397 2452 superabat,
413 2397 583 2442 proximo
594 2407 708 2432 versu
721 2397 982 2437 scribebantur
991 2409 1000 2441 3
1019 2398 1217 2440 ’ἀπόθεσιξ
1229 2400 1308 2434 tum
1320 2398 1443 2442 fiebat,
1461 2409 1545 2434 cum
1562 2398 1744 2434 catalexis

183 2452 295 2488 finem
324 2452 467 2498 periodi
492 2453 684 2489 indicabat
706 2452 766 2498 (cf.
789 2453 1201 2499 Rossbach-Westphal,
1233 2464 1316 2500 pag.
1335 2454 1428 2500 185).
1478 2454 1613 2500 Papyri
1643 2453 1743 2490 illius

182 2507 446 2553 Berolinensis,
478 2520 591 2555 quam
623 2509 772 2556 saepius
805 2509 1178 2545 commemoravimus
1209 2509 1302 2556 (cap.
1319 2510 1345 2555 Ι,
1378 2512 1504 2547 annot.
1524 2511 1544 2547 1
1574 2513 1612 2547 et
1634 2509 1744 2558 41J2),

183 2564 346 2602 scribam
369 2575 419 2601 ne
444 2566 625 2603 catalexis
650 2565 800 2612 quidem
817 2566 1029 2609 commovit,
1053 2569 1096 2602 ut
1111 2566 1317 2602 ’ἀπόθεσιν’
1334 2567 1496 2610 faceret;
1522 2567 1586 2612 qui
1602 2566 1745 2612 periodi

183 2622 294 2658 finem
320 2620 465 2658 duobus
490 2622 638 2667 punctis
660 2623 700 2667 (z)
724 2618 935 2667 significare
960 2622 1052 2658 satis
1076 2622 1306 2668 habuit(col.
1324 2623 1404 2669 19).
1441 2622 1514 2659 Sed
1531 2622 1643 2659 etiam
1660 2625 1745 2669 post

184 2669 303 2714 metra
315 2677 572 2723 acatalectica‚
590 2678 791 2715 dummodo
804 2679 1014 2715 sententiae
1026 2678 1111 2718 finis
1124 2679 1284 2723 adesset,
1297 2679 1396 2715 hanc
1409 2678 1743 2725 interpunctionem

185 2732 355 2770 adhibuit
384 2731 468 2778 (col.
486 2734 566 2780 16).
616 2734 708 2770 Cum
738 2735 810 2770 hac
839 2745 880 2770 re
910 2734 1107 2778 consentit,
1139 2735 1238 2781 quod
1266 2735 1355 2771 Mar.
1374 2734 1507 2771 Victor.
1533 2735 1746 2780 exemplum

184 2783 399 2833 Accianum,
425 2790 526 2835 quod
545 2801 666 2836 supra
689 2791 786 2839 (pag.
804 2790 865 2838 32)
890 2790 1010 2836 attuli,
1033 2790 1226 2837 periodum
1245 2793 1367 2836 vocat,
1393 2802 1618 2837 quamquam
1643 2793 1746 2827 caret

184 2855 431 2893 paroemiam.
960 2868 961 2871 =

330 2902 357 2949 τ)
381 2901 492 2938 Putat
522 2903 624 2940 enim
652 2903 817 2940 ionicum
841 2914 889 2940 ex
912 2904 1092 2950 dibrachy
1116 2907 1153 2940 et
1177 2904 1342 2950 spondeo
1368 2904 1616 2950 compositum
1641 2915 1745 2947 esse;

186 2958 233 2994 cf.
251 2958 663 3005 Rossbach-Westphal,
688 2970 771 3006 pag.
791 2959 871 3006 183,
897 2963 1022 2996 annot.
1041 2960 1073 2996 1.

1582 3032 1605 3067 3
