2041 3293
852 178 1145 220 -53-

87 321 101 332 s
215 318 275 349 ex
303 305 631 364 Euripidem-um
660 304 895 349 formarum
925 292 1161 361 imitatione
1191 308 1320 362 ortae,
1352 306 1428 350 sed
1455 296 1567 350 novi
1596 308 1779 362 quadam

215 374 380 418 rafion'e
409 375 614 418 formatae
643 377 755 417 sunt.
786 373 929 417 Huius
953 387 1088 417 novae
1112 374 1289 418 rationis
1309 379 1557 431 praeceptor
1581 375 1779 419 Clemens

215 442 534 485 Alexandrinus
558 441 730 484 videtur
757 442 912 494 fuisse;
943 443 1017 485 hic
1032 444 1160 499 >enim
1191 444 1419 486 stichicum
1441 457 1570 485 usum
1593 445 1779 486 instituit

145 517 147 520 ⁴
214 513 576 571 monometrorum
600 509 939 569 acatalectorum,
971 510 1057 565 qui,
1088 509 1124 552 si
1154 509 1304 553 formis
1336 510 1593 554 catalecticis
1616 510 1778 554 insere-

213 577 381 634 bantur,
397 577 651 634 synaphiam
663 576 900 632 servabant,
916 578 954 620 si
969 578 1049 620 soli
1060 577 1330 633 incedebant,
1345 578 1580 634 synaphiae
1591 579 1777 622 'vinculis

211 644 381 697 liberati
395 650 526 690 erant.
550 645 672 689 Idem
684 647 820 702 poeta,
831 638 1193 689 monometrorum
1209 647 1515 703 compositione
1527 651 1775 703 commotus,

212 713 445 760 formamm
465 710 808 757 catalecticarum
827 727 954 757 usum
979 715 1039 756 ita
1062 716 1252 768 mutavit,
1283 716 1333 757 ut
1355 728 1443 758 non
1462 716 1549 758 iam
1572 716 1776 759 dimetros

214 782 482 826 catalecticos
519 782 733 837 formaret,
772 782 848 825 sed
886 784 1163 826 monometn's
1204 776 1385 838 integ-ris
1424 784 1544 826 varia
1586 784 1776 827 membra

162 836 167 839 ἢ
211 851 388 894 metrica
406 855 486 902 (υυ
504 883 582 904 ....,
606 872 671 889 υυ
688 872 769 905 υ..,
800 873 864 889 uu
876 884 916 905 -,
941 850 1015 893 alii
1033 851 1162 893 etiam
1182 851 1354 905 max..)
1373 851 1571 894 adiceret.
1583 876 1643 884 —
1655 852 1776 895 Haec

212 930 324 960 nova
368 920 475 960 ratio
518 922 766 973 anapaestos
810 917 1041 980 adhibendi
1084 918 1188 960 duas
1235 918 1338 960 alias
1382 920 1591 961 novitates
1632 932 1687 961 ex
1726 932 1774 962 se

212 987 473 1045 procreavit:
490 987 852 1029 monometrormn
867 999 972 1029 usus
987 986 1196 1030 stichicus
1209 986 1476 1030 catalecticos
1485 989 1772 1031 monometros

213 1055 400 1107 (co—o)
429 1055 613 1096 formare
633 1055 779 1109 poetas
800 1054 966 1105 docuit3
997 1066 1103 1096 usus
1127 1055 1245 1096 varia
1268 1054 1458 1096 membra
1477 1049 1652 1097 metrica
1672 1069 1771 1098 cum

210 1122 485 1164 monometris
522 1121 811 1177 coniungendi
839 1128 985 1177 poetas
1017 1122 1256 1177 commovit,
1292 1125 1342 1165 ut
1369 1123 1583 1177 longiores
1613 1123 1773 1167 formas

211 1190 500 1245 anapaesticas
530 1190 576 1232 in
606 1189 794 1232 iambum
826 1191 1034 1233 exeuntes
1057 1193 1372 1246 componerent,
1403 1203 1531 1246 quam
1555 1194 1694 1247 usque
1717 1194 1772 1236 ad

209 1257 255 1298 id
285 1260 466 1312 tempus,
495 1252 717 1312 Euripidis
747 1258 993 1312 exemplum
1023 1261 1264 1312 sequentes,
1294 1257 1586 1300 adhibuerant.

350 1328 437 1371 Hic
467 1332 531 1371 est
561 1332 883 1386 anapaestorum
911 1341 1028 1384 usus,
1060 1328 1229 1384 qualem
1254 1341 1279 1372 e
1303 1328 1478 1373 Graecis
1502 1329 1771 1375 documentis
1814 1353 1818 1357 ·

207 1409 346 1450 usque
367 1396 422 1438 ad
443 1397 825 1446 mediumcirciter
844 1397 1062 1440 saeculum
1083 1410 1123 1452 p.
1141 1397 1238 1439 Chr.
1259 1411 1300 1438 n.
1320 1398 1494 1440 tertium
1514 1411 1771 1453 cognoscere

207 1476 442 1519 possumus.
488 1464 681 1522 Restant,
696 1476 832 1519 pauca
859 1464 1098 1519 fragmenta
1128 1463 1299 1518 Graeca,
1332 1477 1442 1519 quae
1471 1468 1654 1509 tractare
1687 1467 1769 1510 hoc

206 1531 301 1573 loco
321 1531 589 1586 supersedeo,
616 1532 773 1587 quippe
799 1544 980 1586 quorum
1004 1545 1072 1573 ars
1092 1533 1269 1574 metrica
1287 1532 1575 1575 Romanorum
1596 1534 1769 1577 demum

206 1601 427 1655 poetarum
447 1600 601 1643 studiis
627 1600 808 1655 cognitis
838 1601 983 1654 aperta
1012 1599 1111 1642 fieri
1133 1599 1278 1654 possit.
1324 1599 1430 1642 Tum
1451 1601 1579 1642 etiam
1603 1601 1768 1645 intelle-

206 1680 368 1723 gemus,
390 1668 508 1722 quali
529 1681 584 1710 ex
601 1669 922 1723 anapaestorum
941 1667 1248 1722 compositione
1268 1668 1520 1710 monometri
1536 1667 1766 1712 Clementis

205 1734 452 1791 prodierint,
469 1735 584 1791 quod
604 1748 660 1778 ex
677 1748 822 1778 earum
842 1735 1075 1777 formarum
1091 1747 1185 1790 usu,
1202 1748 1307 1790 quas
1323 1735 1464 1778 adhuc
1478 1736 1765 1792 tractavimus,

205 1816 293 1846 non
323 1807 506 1860 apparet.

347 1876 492 1918 Unum
533 1874 675 1918 autem
715 1878 1038 1918 monumentum
1070 1868 1281 1917 Graecum
1319 1875 1450 1930 idque
1486 1876 1765 1919 novissimum

203 1943 290 1985 iam
318 1943 401 1986 hoc
432 1943 569 1998 capite
599 1944 780 1986 tractare
815 1942 953 1997 liceat,
984 1941 1081 1985 dico
1113 1942 1321 1997 hymnum
1350 1942 1474 1985 illum
1504 1943 1662 1986 saeculi
1689 1943 1764 1999 IV,

205 2011 279 2064 qui
294 2011 348 2052 ad
369 2010 579 2065 baptisma
598 2000 974 2063 decantabaturu).
1002 2010 1135 2051 Cuius
1156 2022 1213 2052 ex
1233 2012 1323 2052 arte
1343 2012 1521 2053 metrica
1536 2011 1765 2066 apparebit,

203 2076 459 2120 Mesomedis
499 2080 636 2119 aetate
677 2090 703 2119 a
739 2077 877 2132 poetis
916 2076 1090 2119 Graecis
1131 2078 1257 2119 etiam
1288 2090 1312 2119 e
1343 2077 1444 2119 solis
1485 2079 1765 2133 paroemiacis

203 2145 392 2187 carmina
411 2145 643 2199 composita
663 2156 768 2198 esse,
790 2141 917 2198 quem
938 2156 1063 2185 usum
1087 2157 1175 2199 cap.
1190 2144 1254 2185 IV
1275 2145 1564 2200 comprobabit
1583 2146 1764 2188 imitatio

201 2211 402 2254 Romana.
433 2212 584 2266 Neque
606 2224 706 2254 vero
727 2224 857 2266 parvo
884 2212 1069 2253 circuitu
1092 2224 1200 2266 opus
1224 2213 1316 2266 erit,
1341 2214 1391 2254 ut
1414 2211 1763 2268 demonstremus,

201 2279 354 2334 hymni
382 2280 519 2322 nostri
542 2279 727 2329 formam
751 2280 977 2322 metricam
1007 2292 1031 2322 e
1061 2280 1327 2335 paroemiaco
1365 2280 1544 2324 stichice
1573 2281 1763 2325 adhibito

202 2348 398 2391 evasisse.
445 2347 539 2399 Qua
570 2348 623 2391 de
654 2361 783 2391 causa
813 2347 941 2395 altius
972 2349 1166 2403 repetere
1197 2342 1311 2390 mihi
1330 2349 1469 2392 liceat.

343 2419 686 2460 Anacreonteum
707 2430 879 2461 versum
900 2418 1159 2460 Mesomedis
1185 2420 1321 2461 aetate
1340 2420 1759 2474 pervulgatissimum

198 2486 335 2543 fuisse
357 2485 599 2540 anthologia
617 2488 1016 2545 Anacreonteorum
1038 2485 1212 2540 indicat,
1238 2500 1365 2540 quam
1385 2487 1471 2528 illis
1496 2487 1761 2541 temporibus

200 2557 333 2596 ortam
380 2566 473 2609 esse
518 2556 665 2595 notum
713 2556 788 2596 est.
838 2554 1183 2595 Anacreonteum
1226 2558 1268 2595 et
1311 2566 1336 2594 a
1378 2553 1541 2595 duabus
1583 2554 1762 2608 syllabis

201 2620 403 2672 brevibus
435 2624 477 2664 et
505 2621 558 2663 ab
588 2634 676 2663 una
713 2620 840 2677 longa
871 2624 914 2664 et
943 2620 994 2662 ab
1019 2612 1113 2663 vuna
1153 2621 1273 2663 brevi
1303 2622 1406 2662 oriri
1434 2625 1584 2677 potest,
1621 2623 1681 2665 ita
1709 2625 1762 2666 ut

197 2689 351 2732 habeat
373 2690 485 2732 hanc
503 2689 705 2731 formam:
751 2700 783 2716 υ
832 2697 999 2733 «μα-Ξ.
1029 2688 1276 2732 Formarum
1297 2689 1576 2732 similitudine
1595 2690 1758 2733 factum

735 2720 831 2748 -ῦ-

198 2760 275 2815 est,
315 2761 364 2800 ut
407 2756 666 2801 Mesomedis
710 2759 846 2800 aetate
895 2757 1010 2799 initii
1041 2752 1228 2813 'varietas
1273 2752 1327 2799 ab
1371 2758 1667 2801 Anacreonteo
1712 2760 1757 2800 in

177 2825 510 2883 ,paroemiacum
547 2823 769 2866 transiret:
801 2834 1150 2882 ffi-uu-w-g.
1200 2823 1268 2866 Ab
1308 2837 1397 2867 una
1431 2825 1595 2880 syllaba
1639 2826 1758 2869 brevi

266 2922 270 2925 ’
339 2919 386 2993 ⁷³⁴)
408 2949 496 2996 Pap.
513 2950 620 2986 Amh.
639 2948 721 2986 edd.
739 2947 1038 2997 cremon-nunt,
1063 2950 1111 2986 12
1135 2949 1254 2997 (pagg.
1271 2950 1438 2998 23—28).
1486 3006 1490 3009 ἢ
