2041 3293
887 162 1173 220 -28÷-

242 290 300 333 20
329 292 420 342 ταῖς
452 292 507 342 δὴ
538 291 701 342 δαίμων
732 292 887 343 κλυτὸς
916 288 991 333 ἶσα
1022 293 1158 344 Θοοῖς’
1174 291 1399 342 <βάδισιν>
1432 291 1600 334 δονέων

414 359 520 402 ποσὶ
548 359 804 402 πολύπλοκα
834 358 960 410 μεθίει
984 359 1120 411 μέτρα
1150 359 1329 410 μολπᾶς.
1643 382 1646 383 ⁷

241 433 370 477 Terni
412 436 669 479 monometri
710 433 972 478 antecedunt
1016 434 1131 478 binis
1173 434 1425 490 paeon-ibus,
1468 447 1590 493 quos*
1619 437 1815 490 sequitur

241 500 446 545 adoneus.
516 508 520 511 ⁴
1243 522 1245 528 ·

385 565 507 613 Haec
553 569 791 624 fragmenta
838 570 1204 625 anapaestiearum
1245 571 1478 614 formarum
1521 583 1648 614 usum
1691 572 1814 626 quasi

241 632 493 692 stichicum‚'
524 650 652 693 quem
690 638 743 680 ab
782 637 991 693 Euripide
1029 638 1275 681 institutum
1314 647 1410 682 esse
1452 633 1581 694 supra
1623 638 1813 685 diximus

231 704 350 762 (pag.
364 707 448 760 27),
469 706 613 747 minus
632 704 904 748 manifestum
926 705 1151 761 praebent3
1173 706 1334 758 maiore
1355 706 1574 761 diligentia
1593 700 1816 762 Euripidis

213 784 218 789 ’
243 772 486 830 exemplum
517 776 691 817 secutus
729 776 796 816 est
829 776 980 816 auctor
1015 773 1253 816 cantilenae
1282 773 1417 828 illius,
1454 787 1580 828 quam
1608 769 1817 829 „Puellae

243 839 608 897 quaerimoniam“
626 841 887 896 inscriptam
918 840 1270 883 Wilamowitzius
1293 841 1566 896 tractavitss).
1607 841 1767 907 Incipit
1788 854 1817 885 a

240 910 361 965 puris
391 909 632 964 anapaestis
657 908 807 951 eadem
831 909 998 993 ratione
1022 908 1251 963 dispositis,
1283 921 1367 963 qua
1390 907 1551 951 Phoen.
1576 909 1739 955 1753l5
1771 910 1816 952 et

243 977 311 1021 Or.
337 976 501 1068 1484l5
532 977 640 1033 (pag.
665 978 774 1031 18):-

605 1054 649 1098 ἐξ
679 1054 939 1107 ἀμφοτέρων
1008 1074 1010 1076 ’
1613 1049 1616 1052 ’
1709 1067 1763 1096 an
1838 1059 1843 1065 '

599 1120 749 1178 γέγον’
771 1122 956 1173 αἵρεσις·
989 1121 1284 1174 ἑζευγίσμεθα·
1313 1124 1392 1173 τῆς
1713 1122 1739 1164 2
1757 1134 1813 1164 an
1905 1122 1911 1134 ¹

604 1190 746 1241 φιλίας
779 1189 935 1240 Κύπρις
966 1188 1057 1230 ἔστ’
1593 1188 1595 1190 ’
1713 1202 1769 1230 an
1812 1179 1814 1181 ¹

551 1277 554 1279 ·
605 1255 839 1308 ἀνάδοχος·
871 1254 1003 1308 ὀδύνη
1037 1255 1077 1308 μ’
1100 1255 1195 1310 ἔχει,
1711 1256 1763 1297 21

240 1331 403 1383 Quater
442 1326 612 1375 dimetri
653 1332 1053 1388 anapaesto-cretici
1093 1335 1341 1387 occurrunt,
1384 1345 1491 1387 quos
1528 1332 1573 1374 in
1614 1332 1814 1376 omnibus

240 1400 398 1443 fabulis
428 1399 675 1455 Euripideis
705 1400 832 1442 modo
863 1400 929 1442 bis
960 1401 1247 1455 repperimus:

558 1477 581 1518 7
617 1475 932 1535 ἀκαταστασὶης
964 1476 1161 1530 εὑρέτης,

559 1545 586 1585 8
617 1544 680 1595 χώ
710 1545 787 1594 τὴν
819 1545 963 1595 φιλίαν
994 1545 1165 1596 ἑκτικώς
1186 1576 1195 1585 .
1218 1576 1227 1586 .
1250 1576 1260 1586 .

529 1612 584 1654 15
618 1611 861 1664 συνοδηγὸν
891 1610 975 1664 ἔχω
1006 1612 1056 1655 τὸ
1088 1612 1201 1655 πολὺ
1232 1613 1415 1664 πῦρ...

528 1681 585 1721 49
618 1681 674 1722 σὺ
707 1681 754 1721 δὲ
785 1679 1037 1733 χρωτίζεσθ’
1057 1679 1312 1733 ἀποτρέχεις.

242 1756 326 1800 Sed
357 1757 506 1799 notatu
537 1755 714 1811 dignum
746 1748 822 1809 eSt,
860 1755 974 1810 quod
1007 1758 1050 1797 et
1079 1755 1258 1810 spondei
1287 1769 1363 1811 pro
1401 1756 1641 1811 anapaestis
1677 1756 1811 1812 impo-

240 1827 421 1879 nuntur,
461 1825 506 1867 et
528 1816 861 1879 'anapaesticum
897 1826 1083 1865 metrum
1120 1837 1145 1865 a
1182 1824 1338 1866 cretico
1375 1836 1452 1880 per
1495 1823 1708 1868 diaeresin
1748 1836 1815 1868 se·

238 1892 436 1936 iunctum
467 1893 543 1946 est,
572 1888 687 1946 quod
716 1887 947 1947 Euripides
978 1903 1145 1933 summa
1175 1890 1395 1946 diligentia
1424 1892 1586 1935 vitavit.

383 1958 739 2014 Alianiragmenta
759 1959 1085 2014 anapaestorum
1117 1970 1242 2001 usum
1262 1957 1606 2001 Alexandrinum
1637 1957 1812 2002 demon·
1849 1950 1852 1953 ’

239 2027 419 2071 strantia
463 2040 552 2069 non
597 2030 828 2083 supersunt
839 2026 903 2080 θ).
965 2024 1186 2081 Euripidis
1230 2038 1359 2070 usum
1405 2026 1625 2085 excultum
1670 2039 1814 2092 neque

384 2150 431 2196 ⁴¹)
454 2150 588 2186 Nachr.
612 2149 648 2186 d.
668 2149 766 2186 Gott.
787 2149 870 2185 Ges.
892 2149 926 2186 d.
940 2149 1050 2185 Wiss.
1065 2149 1169 2194 1896,
1193 2150 1395 2186 209-233.
1436 2149 1673 2187 Cantilenam
1697 2149 1813 2186 edidit

241 2205 406 2251 Crusius,
431 2205 628 2242 Herondas
636 2205 663 2249 ⁴,
688 2216 796 2251 pagg.
816 2205 955 2251 117120.

384 2261 431 2307 ⁴²)
448 2262 550 2297 Haec
567 2260 696 2297 omnia
711 2260 852 2296 dudum
865 2263 973 2296 erant
985 2258 1205 2306 perscripta,
1223 2271 1309 2297 cum
1322 2260 1813 2298 novissimaWilamowitzii

241 2317 457 2353 dissertatio
487 2317 528 2352 in
558 2316 750 2362 publicum
780 2315 930 2362 prodiit,
961 2327 1058 2363 quae
1090 2318 1147 2353 est
1177 2316 1224 2353 de
1255 2316 1463 2363 fragmento
1492 2317 1670 2355 carminis
1699 2316 1813 2354 Calli-

241 2373 397 2417 machei·
419 2373 460 2411 in
489 2373 674 2419 Arsinoae
704 2375 863 2409 mortem
894 2372 1092 2419 compositi
1122 2372 1334 2419 (Sitzgsber.
1352 2372 1387 2410 d.
1406 2374 1502 2411 Berl.
1517 2372 1635 2412 Akad.
1654 2374 1689 2410 d.
1701 2373 1811 2409 Wiss.

240 2430 359 2466 XXD(
381 2429 517 2476 (1912),
542 2435 649 2476 pagg.
667 2428 886 2475 524—544).·
932 2429 1012 2464 Hoc
1036 2429 1285 2475 fragmentum
1310 2431 1347 2465 et
1372 2428 1458 2464 aliis
1483 2428 1530 2465 de
1554 2429 1680 2466 causis
1704 2431 1742 2466 et
1766 2439 1814 2466 ea

241 2497 283 2524 re
308 2488 441 2523 notatu
465 2485 618 2532 dignuin
644 2486 713 2530 est,
738 2483 840 2531 quod
863 2495 973 2521 usum
997 2485 1109 2522 nobis
1132 2484 1293 2522 illustrat
1317 2484 1399 2522 eius
1422 2484 1544 2530 metri,
1567 2485 1668 2532 quod
1689 2484 1812 2522 adhuc

237 2543 318 2589 >nisi
341 2542 585 2579 metricorum
607 2542 834 2588 scriptorum
857 2541 1048 2587 mentione
1068 2551 1401 2587 nonnoveramus,
1426 2541 1512 2579 dico
1526 2541 1813 2587 Archebuleum‚

242 2599 344 2646 quod
373 2599 601 2645 Hephaestio
631 2609 716 2645 cap.
733 2598 813 2636 vm
843 2608 865 2633 e
895 2600 1071 2644 quattuor
1100 2598 1320 2644 anapaestis
1349 2601 1526 2636 constare
1556 2599 1685 2645 docet,
1717 2609 1812 2644 quos

239 2655 433 2692 haccheus
461 2657 651 2702 aequatur.
700 2655 920 2701 Exemplum
951 2655 1059 2692 affert
1086 2666 1122 2692 v.
1141 2655 1161 2692 1
1187 2654 1368 2692 carminis
1394 2655 1654 2694 Callimachei:
1687 2654 1811 2699 ἀγέτω

242 2712 340 2756 Θεός,
366 2713 412 2747 οὐ
436 2713 509 2756 γὰρ
535 2713 611 2755 ἐγὼ
637 2711 724 2756 δίχα
745 2712 837 2748 τῶδ’
857 2711 1002 2748 ἀείδειν.
1043 2712 1118 2748 Sed
1143 2723 1168 2747 a
1190 2711 1360 2758 spondeo
1376 2722 1533 2758 quoque
1552 2714 1597 2748 et
1620 2712 1669 2748 ab
1685 2711 1813 2748 iambo

240 2778 394 2805 versum
419 2766 585 2814 incipere
609 2767 708 2813 licet,
734 2778 830 2815 quas
846 2764 1021 2804 licentias
1035 2767 1265 2814 Hephaestio
1287 2767 1514 2814 comprobat
1527 2767 1588 2804 his
1610 2766 1811 2814 exemplis.

240 2824 386 2869 νύμφα,
411 2824 458 2860 σὺ
486 2824 555 2866 μὲν
578 2823 756 2869 ἀστερίαν
779 2824 842 2860 ὑπ’
860 2825 1004 2874 ἄμαξαν
1024 2825 1132 2869 ἤδη,Ι
1127 2827 1176 2861 ·ο1;
1198 2824 1414 2868 Φιλωτέρα·
1438 2824 1523 2868 ἄρτι
1537 2824 1612 2868 γάρ
1630 2823 1667 2859 οἱ
1683 2823 1812 2859 Σικελὰ

244 2881 312 2924 μὲν
326 2880 456 2925 Ἐννα,
481 2879 546 2926 qui
569 2882 657 2916 sunt
681 2891 744 2917 vv.
761 2880 784 2916 6
801 2882 839 2916 et
853 2871 903 2917 48
925 2879 1016 2917 novi
1039 2880 1249 2927 fragmenti.
1289 2880 1367 2916 Hos
1389 2889 1524 2918 versus
1543 2890 1569 2916 a
1583 2877 1812 2917 Callimacho

240 2937 396 2973 omnino
427 2936 537 2973 aliter
562 2936 725 2982 digestos
757 2947 841 2973 esse
872 2936 1055 2973 diaeresis
1086 2936 1206 2982 docet,
1237 2947 1368 2982 quam
1379 2938 1466 2982 post
1491 2936 1631 2982 pedem
1661 2935 1811 2973 tertium
1892 2963 1897 2971 .
