2041 3293
859 177 1152 219 -63—

183 321 202 343 π
222 285 453 351 ludibrium
485 306 800 363 adhiberentur,
831 308 881 349 ut
908 303 1000 350 fere
1031 307 1173 350 omnia
1201 320 1314 349 nova
1337 308 1532 350 homines
1556 306 1788 349 ridiculum

222 375 270 417 in
298 368 472 418 modum
501 376 719 417 imitantes
747 375 927 417 irridere
957 374 1105 417 solent.
1155 374 1352 417 Eundem
1383 377 1429 416 in
1459 375 1633 416 modum
1663 374 1788 417 novis

74 439 78 443 ’
156 445 159 449 ’
222 441 372 485 formis
416 442 660 502 Euripideis
705 437 1051 498 Aristophanem,
1097 441 1287 485 dimetris
1331 442 1786 498 anapaesto-*iambicis
1821 458 1834 463 ι

223 509 462 554 Lucianum
489 512 537 553 in
565 509 1101 566 Tragodopodagransum
1121 518 1213 553 esse
1233 510 1535 553 intelleximus.
1575 510 1636 553 Ut
1654 510 1788 566 igitur

223 579 449 621 Annianus
480 579 658 633 eiusque
688 578 885 632 aequales
911 578 1085 620 alterius
1110 578 1272 619 saeculi
1290 581 1453 632 poetae,
1484 579 1560 632 qui
1580 577 1787 620 Graecam

172 645 173 648 ’
223 650 545 702 anapaestorum
575 648 708 689 artem
732 645 1012 700 imitarentur,
1041 645 1202 688 novelli
1221 645 1290 687 vel
1316 646 1524 688 neoterici
1544 644 1777 688 audiebant

221 716 282 756 ita
296 714 469 769 Seneca,
491 727 589 757 cum
610 705 703 769 ipse
724 726 893 769 quoque
909 714 1096 757 Graecos
1116 715 1163 756 in
1184 714 1266 756 hoc
1287 714 1389 755 artis
1409 714 1503 756 loco
1524 718 1785 768 sequeretur,

221 783 324 826 novi
352 787 502 839 poetae
533 795 690 826 nomen
720 783 828 826 tulit.

365 852 439 895 Ut
436 865 651 894 summam
664 852 840 909 faciam:
863 852 1118 894 testimoniis
1139 864 1247 906 quae
1268 851 1390 894 attuli
1411 851 1618 894 Senecam
1639 855 1786 907 poetas

223 919 408 962 Graecos
440 933 543 962 suae
573 921 722 962 aetatis
746 907 905 962 imitari
929 920 1226 975 comprobasse
1241 921 1353 962 mihi
1372 921 1532 962 videor.
1573 920 1620 963 Si
1642 922 1785 963 tamen

222 988 302 1041 est,
340 988 390 1029 ut
428 988 570 1029 animo
617 987 788 1029 cuidam
826 987 1082 1041 religiosiori
1132 987 1366 1042 scrupellos
1405 988 1673 1042 reliquerim,
1711 999 1784 1030 eos

221 1067 309 1109 cap.
331 1055 371 1095 V
401 1067 470 1097 me
498 1058 796 1109 exempturum
818 1067 913 1097 esse
933 1067 1069 1109 spero.
1115 1055 1255 1097 Venio
1284 1068 1401 1098 nunc
1420 1069 1446 1096 a
1466 1055 1630 1097 Seneca
1655 1056 1785 1097 anxio

221 1121 482 1164 Graecorum
527 1122 737 1164 imitatore
782 1121 835 1163 ad
882 1122 1085 1164 Senecam
1128 1123 1171 1163 in
1217 1124 1307 1164 arte
1350 1121 1512 1164 Graeca
1554 1124 1785 1164 metrorum

219 1192 476 1231 novatorem.
523 1188 680 1232 Differt
718 1189 833 1232 enim
872 1190 980 1231 ratio
1021 1189 1150 1232 huius
1186 1191 1346 1245 poetae·
1371 1204 1396 1232 a
1427 1189 1602 1232 Graecis
1640 1203 1690 1232 ea
1724 1203 1784 1245 re,

162 1272 165 1273 ⁷
218 1257 333 1312 quod
372 1257 486 1313 apud
526 1271 625 1301 eum
664 1258 800 1301 forma
838 1257 1001 1301 adonea
1039 1259 1127 1300 vim
1168 1258 1381 1313 quandam
1423 1263 1613 1319 occupat,
1655 1273 1785 1313 quam

219 1325 330 1385 apud
363 1326 548 1369 Graecos
578 1339 798 1381 nunquam
828 1326 1018 1369 obtinere
1049 1327 1197 1381 potuit.

363 1393 562 1447 Quinque
591 1394 748 1435 formas
777 1399 1135 1436 monometrorum
1162 1394 1373 1448 legitimas
1401 1395 1564 1437 Seneca
1588 1395 1782 1437 adhibet:

218 1472 442 1501 π-ῦῦ-
479 1462 522 1503 et
551 1461 813 1515 -υψ--Ιῆ,
872 1460 987 1511 Quas
1022 1460 1171 1516 poetae
1210 1460 1382 1516 Graeci,
1418 1466 1546 1516 prout
1584 1474 1785 1504 versuum

218 1528 324 1571 ratio
349 1530 423 1571 ‘vel
455 1529 679 1571 verborum
711 1530 967 1582 quantitates
1002 1528 1207 1582 ferebant,
1247 1529 1447 1571 adhibere
1483 1530 1545 1571 ita
1580 1529 1783 1583 solebant,

217 1600 265 1639 ut
295 1596 475 1652 singulis
508 1596 833 1651 anapaestorum
862 1596 1011 1638 formis
1043 1596 1333 1639 diversitatem
1365 1597 1602 1639 sententiae
1621 1596 1783 1639 nullam

218 1663 474 1706 subicerent.
525 1664 591 1705 Ita
627 1664 753 1705 etiam
790 1664 1000 1707 adoneum
1037 1677 1124 1706 non
1160 1665 1244 1706 nisi
1282 1665 1475 1706 variandi
1514 1677 1645 1708 causa
1684 1678 1783 1707 ana-

216 1732 374 1787 paestis
413 1731 750 1785 immiscuerunt,
789 1730 834 1773 id
874 1733 988 1787 quod
1029 1731 1256 1775 Diomedes
1295 1733 1443 1775 testari
1481 1729 1668 1786 videtur,
1708 1733 1782 1788 qui

205 1802 439 1854 postquam
471 1800 545 1841 GL
563 1800 586 1841 Ι
608 1801 705 1852 511,
728 1801 785 1841 24
810 1800 906 1841 Sen.
927 1800 1039 1841 Med.
1063 1801 1147 1842 301
1186 1801 1337 1854 attulit,
1373 1802 1434 1842 ita
1458 1802 1617 1855 pergit:
1646 1802 1783 1843 admi-

217 1872 350 1911 scetur
383 1868 480 1910 huic
507 1872 681 1925 propter
714 1869 895 1926 qratiam
924 1869 1134 1911 varietatis
1163 1868 1334 1912 dimeter
1362 1868 1517 1913 herous.
1569 1884 1669 1912 nam
1704 1870 1785 1913 tale

218 1941 274 1979 est
304 1936 391 1992 ‘qui
419 1937 532 1990 freta
555 1938 736 1992 primus'
766 1937 885 1993 quale
915 1936 1079 1979 ‘terruit
1099 1937 1265 1979 urbem'.
1310 1937 1443 1979 Recte
1474 1937 1546 1978 hic
1576 1936 1783 1979 Senecam

217 2003 394 2059 protulit
423 2007 596 2057 testem3
634 2018 733 2046 nam
770 2005 895 2047 etiam
927 2004 1131 2048 Senecam
1168 2004 1250 2047 hoc
1280 2004 1473 2047 variandi
1505 2004 1646 2047 studio
1676 2005 1784 2047 inci-

217 2073 353 2130 tatum
385 2072 594 2114 adoneum
627 2073 740 2115 inter
769 2076 1016 2127 anapaestos
1045 2073 1242 2127 posuisse
1274 2076 1434 2114 certum
1473 2073 1558 2125 est;
1596 2074 1640 2113 at
1668 2071 1783 2114 idem

217 2141 341 2196 poeta
371 2140 618 2195 saepissime
650 2140 746 2183 aliis
777 2140 933 2182 causis-
949 2139 1160 2183 adductus
1190 2143 1266 2194 est,
1302 2141 1352 2182 ut
1386 2140 1647 2195 simplicium
1683 2154 1783 2182 ana-

217 2211 460 2264 paestorum
482 2208 682 2267 ordinem
714 2207 876 2250 adoneo
907 2208 1245 2263 interrumperet.
1298 2207 1416 2258 Quae
1442 2219 1595 2249 causae
1616 2220 1672 2249 ex
1692 2211 1782 2249 arte

218 2275 395 2324 metrica
429 2276 603 2330 linguae
632 2267 809 2318 Latinae
845 2277 1016 2331 propria
1053 2277 1168 2318 ortae
1199 2277 1330 2317 erant.
1381 2276 1562 2318 Romani
1593 2276 1707 2317 enim
1737 2276 1791 2329 in-

219 2345 309 2386 arte
357 2344 535 2386 metrica
583 2343 812 2386 verborum
868 2344 1234 2386 accentuationem
1287 2342 1513 2385 observare
1564 2357 1784 2398 nunquam

219 2411 478 2466 destiterant,
510 2414 559 2453 ut
590 2425 700 2466 quae
730 2413 1037 2467 antiquissimis
1067 2413 1329 2468 temporibus
1361 2413 1498 2467 quasi·
1515 2425 1666 2454 norma
1689 2425 1784 2455 ver-

218 2491 354 2524 suum
381 2480 767 2534 componendorum
808 2481 870 2522 eis
908 2483 1065 2522 esset15
1068 2481 1093 2535 ).
1132 2480 1392 2522 Graecorum
1423 2493 1490 2521 ars
1522 2480 1700 2522 metrica
1730 2480 1783 2522 ab

218 2547 349 2591 Ennii
398 2550 547 2601 aetate
582 2547 696 2609 apud
744 2547 957 2590 Romanos
1008 2547 1182 2591 exculta
1231 2544 1425 2590 minuere
1473 2547 1645 2601 quidem
1697 2548 1784 2589 vim

219 2606 466 2675 vetuffioris
496 2615 640 2671 valuit,
670 2628 757 2657 non
789 2615 946 2658 delere.
990 2615 1124 2657 Cuius
1154 2617 1218 2657 rei
1242 2616 1408 2670 praeter
1427 2615 1565 2669 legem
1585 2614 1784 2657 brevium

366 2739 421 2784 ¹⁴)
433 2738 504 2773 Ter
527 2737 680 2774 admisit
703 2738 862 2775 formam
887 2750 1062 2772 υυυυυ
1064 2766 1103 2784 -,
1135 2739 1241 2775 Herc.
1260 2739 1329 2774 fur.
1348 2738 1453 2783 1063,
1478 2739 1585 2775 Herc.
1603 2738 1683 2775 Oet.
1702 2739 1783 2784 186,

220 2794 313 2832 1883
326 2822 336 2840 ,
370 2795 486 2832 semel
518 2793 695 2831 Octaviae
729 2797 861 2832 auctor
890 2807 925 2831 v.
951 2796 1038 2840 6463
1080 2796 1236 2832 eandem
1276 2795 1468 2832 licentiam
1502 2795 1654 2832 admisit
1686 2796 1784 2832 inter

200 2850 382 2888 'Graecos
407 2851 521 2889 Clem.
538 2851 640 2888 Alex.
657 2863 692 2887 v.
710 2852 755 2888 51
782 2853 965 2895 πνεύματι
989 2855 1173 2898 δροσερῷ.
1206 2852 1287 2897 Qua
1313 2862 1352 2887 re
1377 2851 1429 2897 id,
1454 2852 1555 2898 quod
1581 2852 1628 2888 de
1653 2852 1783 2888 formis

218 2906 393 2953 legitimis
423 2919 537 2954 supra
567 2907 729 2945 diximus
761 2909 857 2955 (cap.
873 2909 916 2954 Π,
946 2907 1093 2955 pag.'31
1119 2911 1157 2945 et
1181 2909 1307 2944 annot.
1334 2908 1405 2954 13),
1435 2919 1514 2945 non
1538 2907 1781 2954 redarguitur.

367 2965 409 3011 ¹⁵)
436 2964 488 3002 cf.
506 2964 667 3012 Norden,
692 2964 826 3002 Antike
851 2966 1084 3011 Kunstprosa
1108 2965 1206 3001 1156
1219 2975 1297 3011 sqq.
