2041 3293
766 152 909 207 ...ss
966 140 1142 210 79¹-

178 319 182 323 *
211 285 536 343 lectionem.·.‘ad
575 298 758 341 eundem
779 295 960 350 'fontem
998 297 1140 341 redire
1179 298 1357 341 verbum
1397 298 1649 366 ἀδιαφόρως
1666 309 1668 311 ’
1688 295 1782 339 ‘in—

185 404 189 410 .
212 362 486 410 differenter
509 369 701 409 testatur.
744 365 888 409 Verba
916 367 983 408 καὶ
1011 366 1174 420 ἴαμβον,
1206 378 1316 420 quae
1347 365 1475 408 etiam
1498 365 1553 406 in
1569 361 1787 408 contextu

213 433 556 494 Hephaestioneo
596 437 778 488 exstant,
818 448 844 476 a
881 435 911 477 J
912 434 995 476 uba
1034 447 1122 478 non
1159 434 1272 477 lecta
1311 445 1404 476 esse
1444 445 1499 475 ex
1537 433 1775 488 fragmento

206 501 418 546 >Bobiensi
458 503 644 557 apparet.
672 501 835 556 Itaque
865 513 921 544 ne
951 500 1232 544 Heliodorum
1268 499 1441 555 quidem
1473 512 1525 542 ea
1553 500 1779 555 scripsisse

156 570 159 571 ⁷
211 570 424 616 existimo.
468 569 586 623 Quae
608 581 693 624 qua
709 581 759 612 re
779 569 826 611 in
846 572 1093 611 contextum
1115 569 1348 612 inciderint
1361 567 1540 612 Trichae
1559 568 1628 624 (=
1644 567 1780 615 schol.

177 658 182 661 ¹
213 637 352 694 Heph.
374 658 421 674 =
441 636 625 692 Heliod.)
645 637 888 685 testimonio
910 637 1158 692 explicatur,
1184 638 1260 692 qui
1281 639 1379 691 381,
1403 637 1458 679 19
1475 636 1507 679 C
1536 637 1604 679 καὶ
1622 637 1780 688 ἴαμβον

214 718 301 748 ιιοιι
330 705 517 762 praebet,
554 705 695 761 pergit
711 708 887 752 autem:
923 706 974 748 τὸ
1006 707 1055 748 δὲ
1085 705 1281 749 Αἰολικὸν
1312 704 1630 758 ἀναπαιστικόν,
1668 702 1775 756 ὅπερ

151 792 154 795 ’
213 773 365 825 ἴαμβον
406 775 571 825 δέχεται
611 773 688 823 ἕνα
727 773 772 815 ἑν
810 777 858 828 τῇ
900 773 1020 827 ἀρχῇ.
1071 772 1190 815 Haec
1232 773 1364 814 verba
1405 786 1504 815 cum
1547 771 1781 814 scholiasta.

161 901 164 905 ¹
214 839 585 895 Hephaestioneus
615 840 840 894 omitteret,
877 842 1020 882 tamen
1051 839 1217 882 adiecta
1255 839 1387 881 iambi
1415 852 1525 888 voce
1553 838 1669 881 idem
1699 851 1781 880 ex-

209 907 397 962 primere
420 908 599 950 ‚conatus
624 911 712 959 est3
744 909 789 951 at
818 905 915 950 cum
946 907 1052 955 falso
1075 907 1171 950 loco
1196 905 1532 949 additamentum
1555 907 1781 960 insereret,

143 1015 147 1019 .
216 975 470 1027 senteutiam
508 987 595 1017 non
636 974 761 1018 modo
802 973 1063 1030 obscuravit,
1102 975 1177 1018 sed
1217 974 1417 1030 corrupit.
1455 998 1509 1009 —-
1548 974 1607 1016 Hi
1646 986 1780 1029 porro

207 1045 410 1090 auctores
430 1056 685 1097 qumquam
702 1042 879 1086 verbum
898 1043 1151 1105 ἀδιαφόρως
1171 1044 1382 1096 omittunt,
1402 1046 1545 1084 tamen
1565 1043 1611 1083 in
1633 1043 1781 1084 cetera

215 1110 408 1155 doctrina
447 1124 546 1159 cum
583 1111 692 1154 locis
735 1110 873 1154 allatis
914 1112 1209 1154 consentiunt:
1250 1110 1388 1166 Heph.
1417 1111 1486 1166 24,
1516 1111 1688 1153 13-15
1717 1108 1777 1152 C:

213 1181 264 1222 τὸ
297 1182 345 1222 δὲ
375 1181 678 1226 ἀναπαιστικόν
718 1180 823 1222 κατὰ
861 1181 1008 1223 πᾶσαν
1038 1180 1181 1231 χώραν
1222 1180 1382 1229 δέχεται
1413 1180 1643 1220 σπονδεῖον
1673 1177 1781 1219 ἀνά-
1833 1202 1844 1213 ·

213 1241 407 1301 παιστον,
449 1249 642 1299 σπανίως
674 1249 722 1289 δὲ
752 1247 818 1288 καὶ
847 1245 1244 1299 προκελευματικόν,
1274 1246 1390 1297 παρὰ
1420 1247 1468 1286 δὲ
1497 1248 1585 1297 τοῖς
1616 1247 1773 1297 δραμα-

210 1311 405 1365 τοποιόῑς
443 1315 509 1360 καὶ
549 1314 789 1361 δάκτυλον.ν
812 1311 949 1358 Trich.
981 1313 1086 1366 381,
1118 1314 1290 1354 16-19
1315 1312 1346 1354 C
1386 1313 1454 1367 (=
1481 1313 1613 1354 schol.
1632 1312 1777 1367 Heph.

221 1400 266 1415 =
289 1378 493 1434 Heliod.):
535 1381 600 1422 καὶ
634 1380 684 1422 τὸ
717 1381 797 1431 ,μὲν
835 1379 970 1422 αὐτοῦ
1010 1379 1100 1421 ἑστι
1137 1381 1188 1422 τὸ
1229 1369 1417 1430 καθαρὸν
1458 1379 1778 1433 ἀναπαιστικόν,

214 1443 322 1499 ὅπερ
338 1447 442 1496 κατὰ
456 1448 602 1491 πᾶσαν
618 1449 763 1501 χώραν
780 1445 1045 1490 ἀνάπαιστον
1059 1446 1218 1499 δέχεται
1235 1447 1562 1498 καὶσπονδεῑον,
1578 1445 1782 1498 σπανίως

160 1515 165 1520 ’
215 1517 263 1557 δὲ
286 1516 352 1558 καὶ
375 1515 800 1568 προκελευσματικόν,
833 1547 842 1556 .
864 1547 873 1555 .
896 1547 905 1556 .
937 1515 1001 1556 καὶ
1028 1515 1248 1557 δάκτυλον.
1281 1513 1488 1555 Omnibus
1512 1513 1645 1568 igitur
1667 1513 1780 1555 locis

164 1582 168 1584 ’
213 1580 512 1625 indifferenter
555 1585 805 1637 anapaestos
848 1583 892 1624 et
936 1582 1150 1640 spondeos
1195 1581 1389 1625 adhiberi
1435 1581 1631 1637 docetur,
1675 1594 1773 1624 raro

139 1646 144 1649 ’
211 1649 619 1704 proceleumaticum
634 1661 869 1704 occurrere,
886 1650 999 1704 apud
1010 1651 1155 1704 poetas
1170 1651 1391 1700 scaenicos
1402 1651 1530 1692 etiam
1543 1649 1779 1704 dactylum.

214 1716 297 1760 Sed
341 1729 392 1761 ea
432 1716 516 1771 lex,
560 1730 646 1772 qua
686 1716 879 1768 doctrina
915 1717 1310 1761 Alexandrinorum
1353 1717 1418 1763 de.
1440 1708 1618 1772 *dactylo
1661 1719 1781 1762 inter

212 1786 459 1840 anapaestos
498 1784 682 1826 admisso
721 1785 862 1827 fusius
899 1785 1202 1840 explicabatur,
1240 1798 1349 1840 quae
1379 1786 1552 1840 excepit
1581 1786 1776 1840 regulam

214 1852 268 1895 de
288 1846 612 1908 anapaestorum
630 1852 790 1908 formis,
822 1851 936 1909 apud
953 1853 1212 1896 recentiores
1237 1847 1434 1896 metricos
1456 1853 1778 1896 Alexandrinos

214 1932 426 1974 nusquam
466 1924 616 1963 exstat.
663 1920 798 1971 Quam
837 1921 1012 1976 praebet
1049 1921 1287 1975 Diomedes,
1328 1923 1402 1975 qui
1443 1921 1517 1963 GL
1542 1922 1566 1963 I
1593 1922 1692 1976 504,
1715 1922 1771 1964 32

194 1987 274 2029 ita
311 1987 450 2043 pergit
489 1987 558 2043 (cf.
585 2001 673 2044 cap.
698 1988 753 2044 II,
783 2002 875 2044 pag.
898 1989 991 2044 31):
1030 1989 1102 2033 sed
1139 1990 1346 2047 dactylum
1385 1989 1600 2046 uunquam
1629 1991 1780 2046 recipit

129 2060 136 2068 ⁴
214 2057 297 2097 nisi
325 2057 371 2097 iu
391 2056 546 2098 dextris
558 2056 733 2111 pedibus
763 2068 797 2098 e.
823 2069 861 2109 q.
886 2068 918 2097 S.
955 2056 1019 2098 De
1040 2056 1196 2110 quibus
1217 2059 1304 2098 iam
1324 2057 1461 2112 capite
1481 2057 1612 2098 altero
1631 2057 1777 2099 fusius

214 2122 391 2178 egimus.
421 2148 481 2154 —-
504 2123 637 2166 Plane
669 2123 882 2166 oblivione
914 2122 1065 2166 obruta
1094 2125 1158 2167 est
1187 2124 1259 2167 lex
1291 2123 1344 2167 de
1374 2124 1608 2176 formarum
1635 2124 1777 2168 diver-

214 2191 338 2233 sitate
358 2190 473 2246 apud
492 2191 855 2246 Fortunatianum,
877 2193 952 2246 qui
973 2193 1079 2234 haec
1100 2192 1224 2235 docet
1242 2192 1333 2247 (GL
1351 2186 1416 2244 VI
1436 2193 1768 2247 285,19-21):

214 2251 358 2315 recipit
389 2258 525 2315 podes,
566 2270 698 2314 suum,
733 2250 881 2303 scilicet
916 2265 1195 2316 anapaestum,
1234 2261 1441 2318 dactylum
1472 2265 1510 2303 et
1538 2261 1770 2316 spondeum,

111 2350 113 2352 ·
147 2381 150 2384 Δ
200 2340 313 2369 ›raro
351 2331 389 2369 et
418 2328 823 2382 proceleumaticum:
864 2328 936 2370 lws
963 2342 1100 2371 omues
1134 2329 1318 2371 omuibus
1347 2329 1394 2370 in
1424 2329 1527 2371 locis.
1573 2327 1775 2382 Denique

217 2399 264 2437 ut
294 2394 445 2446 omnia,
488 2408 597 2449 quae
637 2396 691 2437 de
721 2397 959 2450 anapaestis
999 2396 1113 2446 dicta
1151 2398 1262 2449 sunt,
1300 2397 1560 2449 exhauriam,
1591 2395 1768 2437 afferam

214 2461 408 2508 Mallium
429 2457 708 2517 Theodorum,
741 2463 816 2517 qui
846 2462 920 2505 GL
941 2463 1003 2505 VI
1024 2464 1122 2517 596,
1145 2464 1170 2505 1
1196 2476 1287 2518 sqq.
1318 2463 1490 2506 omnino
1522 2463 1646 2505 aliam
1671 2462 1776 2505 doc-

196 2531 371 2577 :trinam
400 2529 592 2586 praebet;
630 2529 754 2572 docet
784 2531 897 2573 enim
929 2529 1147 2585 dactylum
1177 2532 1302 2587 plane
1331 2531 1633 2586 repulsandum
1665 2542 1778 2585 esse,

215 2595 452 2655 spondeum
489 2611 711 2653 nunquam
749 2598 836 2647 nisi
873 2599 1010 2654 primo
1048 2598 1144 2643 loco
1180 2598 1491 2651 adhibendum3
1533 2611 1618 2653 qua
1646 2599 1694 2641 in
1723 2611 1772 2642 re

215 2668 309 2709 sine
349 2666 478 2708 dubio
509 2665 564 2707 ad
594 2678 666 2708 eas
704 2667 863 2725 formas
902 2667 1169 2711 catalecticas
1208 2666 1435 2722 spectabat,
1457 2679 1585 2721 „quae
1616 2667 1717 2709 inde
1748 2681 1773 2708 a

114 2732 117 2739 '
146 2740 149 2741 ’
216 2727 364 2779 ιιιεάἰο
388 2732 559 2778 'saeculo
590 2733 780 2778 secundo
810 2734 1002 2779 adhiberi
1032 2739 1206 2792 coeptae
1236 2739 1346 2778 sunt.

298 2845 301 2851 ,
358 2803 477 2845 Haec
507 2802 560 2844 de
590 2801 791 2857 dactylis,
825 2804 950 2856 venio
980 2803 1036 2853 ad
1070 2804 1208 2859 legem
1240 2803 1292 2845 de
1323 2802 1566 2857 digoesione
1595 2815 1781 2863 anapae-

2 2867 7 2874 “
36 2865 41 2878 ’
128 2874 130 2876 ’
214 2871 390 2926 storum,
406 2883 516 2926 quae
537 2870 606 2913 et
593 2882 688 2925 lpsa
706 2870 1023 2919 recentioribus
1033 2871 1293 2926 temporibus
1309 2872 1481 2913 mutata
1487 2876 1562 2913 est.
1588 2871 1776 2914 Alexan-

200 2937 338 2999 =‹li-ina
370 2939 484 2982 enim
509 2928 644 2982 aetate
668 2929 916 2995 anapaestos
940 2951 1108 2995 semper
1129 2939 1234 2982 κατὰ
1259 2939 1413 2992 μέτρον
1434 2939 1620 2995 digestos
1639 2939 1781 2982 fuisse
