2041 3293
856 197 914 203 -..
976 173 1150 214 55..-

364 300 419 344 Π.
450 301 502 344 In
532 302 692 356 hymno
724 301 964 357 vespertino
986 303 1065 358 (25
1098 304 1285 356 versus):

718 391 725 474 Ι
745 414 827 461 plus
852 416 874 451 7
900 416 981 462 syll.
999 426 1141 452 occurr.
1162 391 1168 474 Ι
1203 416 1367 461 paenult.
1385 426 1462 451 acc.
1481 426 1559 451 non
1583 416 1683 452 elata

293 521 333 558 in
357 525 464 568 parte
488 521 613 568 priore
907 519 980 558 810⁸
1160 486 1165 571 Ι
1405 520 1477 559 9ies

293 604 334 639 in
358 607 464 649 parte
489 604 694 649 posteriore
888 604 893 609 ’
916 607 973 641 ter
1033 625 1038 631 ·
1160 579 1165 698 ι
1410 605 1468 641 bis

223 721 411 763 Dubium
441 735 529 762 non
553 726 628 773 est,
660 722 764 774 quin
795 723 841 762 in
866 725 1048 774 utroque
1079 722 1238 773 hymno
1263 722 1399 762 forma
1421 723 1667 774 posterioris
1691 734 1784 762 ver·

222 798 348 829 suum
386 788 516 842 partis
551 787 741 842 legitima
777 787 883 830 haec
912 787 988 829 sit:
1034 798 1066 831 Χ
1093 799 1128 831 Χ
1152 799 1184 831 Χ
1211 799 1245 831 Χ
1270 799 1302 831 Χ
1331 780 1363 831 >'<
1391 798 1447 831 Χ.
1500 786 1619 838 Quae
1648 787 1785 830 forma

222 854 327 909 quid
346 855 462 897 aliud
483 859 556 910 est,
578 857 705 910 atque
726 857 1057 899 anacreonteum
1077 868 1213 898 novae
1233 856 1314 909 arti
1336 856 1534 899 metricae
1549 870 1785 899 accommo-

221 921 398 964 datum?
437 923 568 965 Cuius
599 924 807 965 vetustior
837 935 940 965 usus
977 936 1061 978 quo
1092 922 1217 965 modo
1248 924 1561 978 paroemiacum
1593 937 1782 966 commu-

221 991 376 1033 taverit
412 1005 539 1046 supra
574 991 782 1042 vidimus3
821 1004 958 1033 novus
993 1004 1099 1034 usus
1136 992 1264 1033 huius
1295 1004 1446 1034 versus
1475 993 1600 1049 plane
1631 1006 1785 1034 novam

219 1052 407 1101 reddidit
435 1059 694 1115 paroemiaci
720 1059 1081 1115 compositionem.
1124 1059 1261 1111 Quam
1291 1072 1381 1102 rem
1412 1060 1576 1102 adiuvit
1607 1060 1785 1103 dimeter

220 1128 711 1182 anapaesto-paeonicus‚
743 1140 870 1181 quem
900 1127 1214 1170 recentiorIbus
1245 1128 1506 1183 temporibus
1536 1128 1782 1183 popularem

212 1194 354 1255 'fuisse
391 1196 602 1239 cantilena
638 1196 678 1238 N
680 1196 948 1251 iloplotarum
971 1209 1094 1250 .quae
1124 1197 1301 1238 vocatur
1335 1209 1414 1239 nos
1452 1195 1608 1239 docuit.
1664 1195 1800 1239 Haec

218 1263 357 1305 forma
385 1265 702 1332 paroemiacum
731 1264 927 1319 sequitur
955 1264 1068 1319 apud
1099 1263 1361 1306 Clementem
1393 1265 1589 1306 30-31:

648 1353 829 1400 λογικῶν
859 1352 1011 1402 ποιμὴν
1043 1350 1135 1404 ἅγι’,
1166 1351 1274 1402 ἡγοῦ

648 1420 819 1470 βασιλεῦ
850 1418 1015 1461 παίδων
1047 1418 1295 1470 ἀνεπάφων.

221 1502 340 1553 Quae
385 1516 615 1545 unacum
660 1495 941 1558 paroemiaco,
987 1504 1113 1546 cuius
1156 1504 1415 1558 paenultima
1459 1505 1640 1546 accentu
1676 1503 1785 1546 elata

221 1574 322 1625 erat,
365 1575 408 1613 et
448 1584 560 1613 novo
604 1584 687 1613 usu
728 1571 999 1614 anacreontei
1045 1584 1201 1613 novam
1241 1570 1421 1613 formam
1465 1571 1610 1614 effecit
1651 1571 1782 1613 hanc:

220 1638 593 1690 &qm-0012*
646 1638 782 1690 Quam
814 1652 837 1681 e
866 1639 1144 1694 paroemiaco‚
1175 1652 1262 1681 non
1289 1652 1313 1681 e
1334 1639 1512 1682 dimetro
1540 1643 1785 1694 anapaesto-

220 1707 423 1765 paeonico
455 1709 590 1750 ortam
621 1700 719 1750 esse*
739 1707 844 1749 mihi
868 1720 1118 1762 persuasum
1141 1709 1214 1750 est.
1262 1706 1370 1749 Cum
1391 1708 1505 1750 enim
1528 1707 1784 1762 paroemiaci

219 1774 498 1830 paenultima*
521 1780 704 1818 accentu
750 1775 896 1818 efferri
941 1775 1113 1830 soleret,
1160 1775 1291 1826 huius
1334 1774 1522 1829 syllabae
1568 1775 1782 1830 quantitas

220 1843 422 1886 facillime
453 1844 620 1899 neglegi
652 1844 801 1898 potuit.
844 1843 966 1894 Quod
991 1843 1303 1886 recentioribus
1327 1843 1589 1898 temporibus
1610 1843 1781 1898 saepius

220 1911 377 1953 factum
416 1924 507 1954 esse
538 1911 757 1953 Valentini
792 1911 979 1965 hymnus
1016 1910 1067 1953 ab
1104 1910 1337 1966 Hippolyto
1377 1912 1570 1953 servatus
1607 1910 1781 1953 demon-

220 1980 326 2021 strat
338 1981 399 2034 ²⁸),
431 1981 554 2021 cuius
585 1981 631 2020 in
662 1993 700 2021 v.
724 1981 748 2021 1
781 1979 945 2033 syllaba
973 1979 1120 2021 brevis
1141 1979 1403 2034 producitur,
1435 1979 1536 2033 quia
1555 1984 1780 2020 accentum

219 2047 323 2090 fert:
350 2048 486 2090 πάντα
507 2045 742 2100 κρεμάμενα
760 2048 961 2099 πνεύματι
983 2048 1137 2100 βλέπω.
1174 2046 1356 2089 Dimetri
1376 2048 1518 2089 autem
1539 2049 1781 2101 anapaesto-

218 2115 413 2169 paeonici
444 2128 548 2157 usus
573 2115 789 2170 popularis
812 2115 1070 2170 paroemiaci
1095 2115 1478 2169 commutationem,
1509 2117 1558 2156 ut
1581 2114 1780 2168 diximus,

219 2181 394 2225 adiuvit.
438 2182 570 2225 Cuius
600 2184 753 2226 natura
783 2182 984 2238 bigenera
1008 2184 1099 2226 sive
1122 2183 1378 2238 paroemiaci
1396 2183 1615 2225 vicinitate
1635 2182 1780 2236 (Clem.

220 2250 411 2304 30—31)
427 2250 519 2292 sive
535 2254 718 2292 accentu
735 2251 991 2306 expiratorio
1008 2255 1186 2306 cogente
1201 2251 1328 2293 facile
1345 2251 1557 2293 oblivione
1571 2251 1693 2293 obrui
1709 2264 1780 2305 po-

219 2319 313 2372 tujt,
330 2317 445 2371 quod
460 2318 553 2360 aliis
576 2319 716 2360 causis
739 2318 918 2360 dimetro
940 2319 1368 2373 anapaesto-iambico
1383 2321 1780 2372 (owe-oo—uq

218 2386 305 2428 iam
345 2386 479 2428 aetate
517 2385 811 2429 Alexandrina
851 2386 1013 2429 factum
1055 2399 1149 2429 esse
1193 2400 1321 2442 supra
1356 2387 1553 2429 vidimus.
1610 2386 1778 2428 Novum

152 2479 156 2486 ·
219 2466 389 2496 versum
422 2453 474 2495 de
506 2466 590 2507 quo
622 2454 788 2508 agimus
823 2453 1059 2496 adhibitum
1094 2455 1337 2497 invenimus
1371 2454 1419 2495 in
1450 2454 1621 2508 hymno,
1652 2466 1776 2508 quem

218 2521 440 2565 tractaturi
480 2533 628 2564 sumus
667 2521 783 2577 (Pap.
813 2522 938 2565 Amh.
964 2522 988 2565 I
1014 2523 1059 2577 2,
1098 2536 1218 2578 pagg.
1246 2523 1448 2577 23—-28).
1495 2522 1691 2565 Continet
1722 2522 1777 2564 24

217 2601 381 2640 versus,
412 2601 594 2643 quorum
625 2589 785 2644 singuli
813 2590 861 2631 in
890 2591 1026 2632 trinos
1056 2602 1206 2632 versus
1237 2590 1422 2632 minores
1453 2589 1580 2631 divisi
1604 2590 1777 2644 sunm).

217 2657 336 2699 Trini
366 2668 515 2712 versus
546 2656 597 2698 ab
630 2656 780 2699 eadem
810 2658 959 2700 littera·
986 2658 1220 2713 incipiunt3
1257 2657 1526 2712 procedimus
1557 2656 1609 2699 ab
1641 2657 1674 2699 Α
1706 2671 1778 2700 us-

221 2736 305 2779 que
337 2724 389 2768 ad
419 2724 464 2767 Ω·.
510 2723 749 2766 Nonnullos
781 2737 931 2768 versus
962 2724 1220 2768 describam:

363 2820 412 2886 ἐ)
433 2838 487 2875 cf.
503 2838 657 2875 Hermes
683 2837 827 2875 xxxw
851 2839 986 2887 (1899),
1010 2819 1118 2887 pagg.
1135 2838 1310 2876 218—19.

221 2949 312 2987 1901
350 2897 425 2999 {gg
433 2896 535 2988 Ωέἑοε
548 2894 851 2931 Wilamowitzius
868 2897 1029 2942 appellat
1044 2896 1302 2943 paroemiacos
1320 2897 1477 2941 miuros;
1494 2897 1591 2933 Gott.
1605 2898 1672 2943 gel.
1686 2897 1775 2932 Anz.

316 2979 325 2997 ‚
426 2979 433 2988 .
501 2980 509 2988 .
