<?xml version="1.0" encoding="UTF-8"?>
<!DOCTYPE html PUBLIC "-//W3C//DTD XHTML 1.0 Transitional//EN"
    "http://www.w3.org/TR/xhtml1/DTD/xhtml1-transitional.dtd">
<html xmlns="http://www.w3.org/1999/xhtml" xml:lang="en" lang="en">
 <head>
  <title>
</title>
<meta http-equiv="Content-Type" content="text/html;charset=utf-8" />
  <meta name='ocr-system' content='tesseract 3.04.00' />
  <meta name='ocr-capabilities' content='ocr_page ocr_carea ocr_par ocr_line ocrx_word'/>
</head>
<body>
  <div class='ocr_page' id='page_1' title='image "4737822_0079.png"; bbox 0 0 2041 3293; ppageno 0'>
   <div class='ocr_carea' id='block_1_1' title="bbox 0 0 446 166">
    <p class='ocr_par' dir='ltr' id='par_1_1' title="bbox 0 0 446 166">
     <span class='ocr_line' id='line_1_1' title="bbox 0 0 446 166; baseline 0 3127"><span class='ocrx_word' id='word_1_1' title='bbox 0 0 446 166; x_wconf 95' lang='lat' dir='ltr'><strong> </strong></span> 
     </span>
    </p>
   </div>
   <div class='ocr_carea' id='block_1_2' title="bbox 142 201 1759 647">
    <p class='ocr_par' dir='ltr' id='par_1_2' title="bbox 142 201 1759 647">
     <span class='ocr_line' id='line_1_2' title="bbox 828 201 1121 245; baseline -0.003 -12"><span class='ocrx_word' id='word_1_2' title='bbox 828 224 883 233; x_wconf 77' lang='grc'><strong>..-</strong></span> <span class='ocrx_word' id='word_1_3' title='bbox 946 201 1001 245; x_wconf 78' lang='lat'><strong>73</strong></span> <span class='ocrx_word' id='word_1_4' title='bbox 1066 224 1121 232; x_wconf 75' lang='lat'><strong>.-</strong></span> 
     </span>
     <span class='ocr_line' id='line_1_3' title="bbox 186 285 1759 386; baseline -0.003 -10"><span class='ocrx_word' id='word_1_5' title='bbox 186 331 388 377; x_wconf 80' lang='lat' dir='ltr'><strong>ludorum</strong></span> <span class='ocrx_word' id='word_1_6' title='bbox 418 332 723 386; x_wconf 76' lang='lat' dir='ltr'><strong>gymnicorum</strong></span> <span class='ocrx_word' id='word_1_7' title='bbox 744 331 918 376; x_wconf 82' lang='lat' dir='ltr'><strong>initium</strong></span> <span class='ocrx_word' id='word_1_8' title='bbox 940 285 1186 376; x_wconf 81' lang='lat' dir='ltr'><strong>renuntiare</strong></span> <span class='ocrx_word' id='word_1_9' title='bbox 1211 329 1383 372; x_wconf 82' lang='lat' dir='ltr'><strong>solebat.</strong></span> <span class='ocrx_word' id='word_1_10' title='bbox 1424 328 1521 372; x_wconf 87' lang='lat' dir='ltr'><strong>Hoc</strong></span> <span class='ocrx_word' id='word_1_11' title='bbox 1541 329 1759 372; x_wconf 84' lang='lat' dir='ltr'><strong>canticum</strong></span> 
     </span>
     <span class='ocr_line' id='line_1_4' title="bbox 190 397 1758 446; baseline -0.003 -1"><span class='ocrx_word' id='word_1_12' title='bbox 190 400 275 446; x_wconf 70' lang='lat' dir='ltr'><strong>inm</strong></span> <span class='ocrx_word' id='word_1_13' title='bbox 303 399 496 444; x_wconf 79' lang='lat' dir='ltr'><strong>secundo</strong></span> <span class='ocrx_word' id='word_1_14' title='bbox 528 399 698 443; x_wconf 83' lang='lat' dir='ltr'><strong>saeculo</strong></span> <span class='ocrx_word' id='word_1_15' title='bbox 729 398 946 442; x_wconf 84' lang='lat' dir='ltr'><strong>exstitisse</strong></span> <span class='ocrx_word' id='word_1_16' title='bbox 974 397 1164 442; x_wconf 82' lang='lat' dir='ltr'><strong>Pseudo·</strong></span> <span class='ocrx_word' id='word_1_17' title='bbox 1165 397 1383 441; x_wconf 87' lang='lat' dir='ltr'><strong>Lucianus</strong></span> <span class='ocrx_word' id='word_1_18' title='bbox 1412 398 1458 441; x_wconf 89' lang='lat' dir='ltr'><strong>in</strong></span> <span class='ocrx_word' id='word_1_19' title='bbox 1482 397 1758 441; x_wconf 82' lang='lat' dir='ltr'><strong>Demonactis</strong></span> 
     </span>
     <span class='ocr_line' id='line_1_5' title="bbox 191 455 1759 524; baseline -0.003 -12"><span class='ocrx_word' id='word_1_20' title='bbox 191 468 279 512; x_wconf 77' lang='lat' dir='ltr'><strong>vita</strong></span> <span class='ocrx_word' id='word_1_21' title='bbox 277 468 341 522; x_wconf 78' lang='lat'><strong>³⁰)</strong></span> <span class='ocrx_word' id='word_1_22' title='bbox 369 469 577 522; x_wconf 75' lang='lat' dir='ltr'><strong>testatur,</strong></span> <span class='ocrx_word' id='word_1_23' title='bbox 620 467 704 522; x_wconf 87' lang='lat' dir='ltr'><strong>qui</strong></span> <span class='ocrx_word' id='word_1_24' title='bbox 739 455 1039 524; x_wconf 80' lang='lat' dir='ltr'><strong>Demonactem</strong></span> <span class='ocrx_word' id='word_1_25' title='bbox 1079 466 1331 509; x_wconf 84' lang='lat' dir='ltr'><strong>morientem</strong></span> <span class='ocrx_word' id='word_1_26' title='bbox 1373 466 1481 508; x_wconf 88' lang='lat' dir='ltr'><strong>haec</strong></span> <span class='ocrx_word' id='word_1_27' title='bbox 1519 466 1625 508; x_wconf 76' lang='lat' dir='ltr'><strong>iacit</strong></span> <span class='ocrx_word' id='word_1_28' title='bbox 1662 478 1759 521; x_wconf 90' lang='lat' dir='ltr'><strong>pro-</strong></span> 
     </span>
     <span class='ocr_line' id='line_1_6' title="bbox 142 536 483 586; baseline -0.006 -6"><span class='ocrx_word' id='word_1_29' title='bbox 142 538 151 545; x_wconf 79' lang='lat'><em>&#39;</em></span> <span class='ocrx_word' id='word_1_30' title='bbox 191 536 483 586; x_wconf 68' lang='lat' dir='ltr'><strong>nunfiantem:</strong></span> 
     </span>
     <span class='ocr_line' id='line_1_7' title="bbox 184 594 1371 647; baseline -0.004 -6"><span class='ocrx_word' id='word_1_31' title='bbox 184 609 190 613; x_wconf 81' lang='grc'><strong><em>’</em></strong></span> <span class='ocrx_word' id='word_1_32' title='bbox 306 605 310 607; x_wconf 75' lang='grc'>’</span> <span class='ocrx_word' id='word_1_33' title='bbox 618 595 732 647; x_wconf 85' lang='grc' dir='ltr'>λήγει</span> <span class='ocrx_word' id='word_1_34' title='bbox 762 597 839 647; x_wconf 77' lang='grc' dir='ltr'><strong>μὲν</strong></span> <span class='ocrx_word' id='word_1_35' title='bbox 867 594 988 646; x_wconf 79' lang='grc' dir='ltr'><strong>ἀγὼν</strong></span> <span class='ocrx_word' id='word_1_36' title='bbox 1017 597 1106 637; x_wconf 85' lang='grc' dir='ltr'><strong>τῶν</strong></span> <span class='ocrx_word' id='word_1_37' title='bbox 1136 595 1371 638; x_wconf 83' lang='grc' dir='ltr'>καλλίστων</span> 
     </span>
    </p>
   </div>
   <div class='ocr_carea' id='block_1_3' title="bbox 617 661 1361 784">
    <p class='ocr_par' dir='ltr' id='par_1_3' title="bbox 617 661 1361 784">
     <span class='ocr_line' id='line_1_8' title="bbox 619 661 1361 716; baseline 0 -11"><span class='ocrx_word' id='word_1_38' title='bbox 619 661 767 707; x_wconf 80' lang='grc' dir='ltr'>ἄθλων</span> <span class='ocrx_word' id='word_1_39' title='bbox 797 663 957 716; x_wconf 85' lang='grc' dir='ltr'>ταμίας,</span> <span class='ocrx_word' id='word_1_40' title='bbox 990 662 1138 716; x_wconf 86' lang='grc' dir='ltr'>καιρός</span> <span class='ocrx_word' id='word_1_41' title='bbox 1166 675 1212 705; x_wconf 86' lang='grc' dir='ltr'><strong>τε</strong></span> <span class='ocrx_word' id='word_1_42' title='bbox 1243 664 1361 705; x_wconf 83' lang='grc' dir='ltr'>καλεῖ</span> 
     </span>
     <span class='ocr_line' id='line_1_9' title="bbox 617 731 958 784; baseline -0.009 -8"><span class='ocrx_word' id='word_1_43' title='bbox 617 732 755 784; x_wconf 75' lang='grc' dir='ltr'>μηκέτι</span> <span class='ocrx_word' id='word_1_44' title='bbox 783 731 958 784; x_wconf 82' lang='grc' dir='ltr'>μέλλειν.</span> 
     </span>
    </p>
   </div>
   <div class='ocr_carea' id='block_1_4' title="bbox 110 807 1758 865">
    <p class='ocr_par' dir='ltr' id='par_1_4' title="bbox 110 807 1758 865">
     <span class='ocr_line' id='line_1_10' title="bbox 110 807 1758 865; baseline -0.001 -12"><span class='ocrx_word' id='word_1_45' title='bbox 110 837 113 841; x_wconf 78' lang='lat'><strong>,</strong></span> <span class='ocrx_word' id='word_1_46' title='bbox 189 808 287 853; x_wconf 89' lang='lat' dir='ltr'><strong>Hoc</strong></span> <span class='ocrx_word' id='word_1_47' title='bbox 329 821 499 852; x_wconf 85' lang='lat' dir='ltr'><strong>carmen</strong></span> <span class='ocrx_word' id='word_1_48' title='bbox 542 808 809 865; x_wconf 70' lang='lat' dir='ltr'><strong>paroemiam</strong></span> <span class='ocrx_word' id='word_1_49' title='bbox 859 807 1048 851; x_wconf 79' lang='lat' dir='ltr'><strong>caruisse</strong></span> <span class='ocrx_word' id='word_1_50' title='bbox 1091 808 1120 850; x_wconf 87' lang='lat' dir='ltr'><strong>J</strong></span> <span class='ocrx_word' id='word_1_51' title='bbox 1123 807 1256 850; x_wconf 88' lang='lat' dir='ltr'><strong>uliani</strong></span> <span class='ocrx_word' id='word_1_52' title='bbox 1299 808 1478 850; x_wconf 83' lang='lat' dir='ltr'><strong>imitatio</strong></span> <span class='ocrx_word' id='word_1_53' title='bbox 1524 807 1758 851; x_wconf 89' lang='lat' dir='ltr'><strong>verisimile</strong></span> 
     </span>
    </p>
   </div>
   <div class='ocr_carea' id='block_1_5' title="bbox 188 872 1758 1345">
    <p class='ocr_par' dir='ltr' id='par_1_5' title="bbox 188 872 1758 1069">
     <span class='ocr_line' id='line_1_11' title="bbox 189 872 1758 932; baseline -0.002 -11"><span class='ocrx_word' id='word_1_54' title='bbox 189 876 340 932; x_wconf 78' lang='lat' dir='ltr'>reddit,</span> <span class='ocrx_word' id='word_1_55' title='bbox 357 882 625 932; x_wconf 77' lang='lat' dir='ltr'><strong>quamquam</strong></span> <span class='ocrx_word' id='word_1_56' title='bbox 656 872 727 919; x_wconf 85' lang='lat' dir='ltr'><strong>hic</strong></span> <span class='ocrx_word' id='word_1_57' title='bbox 756 876 965 932; x_wconf 82' lang='lat' dir='ltr'><strong>synaphia</strong></span> <span class='ocrx_word' id='word_1_58' title='bbox 991 875 1163 931; x_wconf 85' lang='lat' dir='ltr'><strong>saepius</strong></span> <span class='ocrx_word' id='word_1_59' title='bbox 1191 875 1298 917; x_wconf 80' lang='lat' dir='ltr'><strong>falso</strong></span> <span class='ocrx_word' id='word_1_60' title='bbox 1330 875 1424 918; x_wconf 89' lang='lat' dir='ltr'><strong>loco</strong></span> <span class='ocrx_word' id='word_1_61' title='bbox 1446 876 1631 918; x_wconf 85' lang='lat' dir='ltr'><strong>admissa</strong></span> <span class='ocrx_word' id='word_1_62' title='bbox 1656 876 1758 918; x_wconf 88' lang='lat' dir='ltr'><strong>usui</strong></span> 
     </span>
     <span class='ocr_line' id='line_1_12' title="bbox 192 942 1757 999; baseline -0.001 -11"><span class='ocrx_word' id='word_1_63' title='bbox 192 945 481 989; x_wconf 76' lang='lat' dir='ltr'><strong>clementiano</strong></span> <span class='ocrx_word' id='word_1_64' title='bbox 503 946 786 989; x_wconf 85' lang='lat' dir='ltr'><strong>monometros</strong></span> <span class='ocrx_word' id='word_1_65' title='bbox 807 942 1093 999; x_wconf 86' lang='lat' dir='ltr'><strong>componendi</strong></span> <span class='ocrx_word' id='word_1_66' title='bbox 1112 944 1485 999; x_wconf 83' lang='lat' dir='ltr'><strong>appropinquavit3</strong></span> <span class='ocrx_word' id='word_1_67' title='bbox 1517 958 1557 986; x_wconf 89' lang='lat' dir='ltr'><strong>v.</strong></span> <span class='ocrx_word' id='word_1_68' title='bbox 1582 944 1757 987; x_wconf 83' lang='lat'>17·—-18</span> 
     </span>
     <span class='ocr_line' id='line_1_13' title="bbox 188 1007 1509 1069; baseline -0.001 -13"><span class='ocrx_word' id='word_1_69' title='bbox 188 1013 305 1057; x_wconf 81' lang='lat' dir='ltr'><strong>enim</strong></span> <span class='ocrx_word' id='word_1_70' title='bbox 336 1013 402 1057; x_wconf 83' lang='lat' dir='ltr'><strong>bis</strong></span> <span class='ocrx_word' id='word_1_71' title='bbox 432 1013 597 1069; x_wconf 81' lang='lat' dir='ltr'><strong>syllaba</strong></span> <span class='ocrx_word' id='word_1_72' title='bbox 627 1024 784 1068; x_wconf 84' lang='lat' dir='ltr'><strong>anceps</strong></span> <span class='ocrx_word' id='word_1_73' title='bbox 813 1012 1002 1055; x_wconf 89' lang='lat' dir='ltr'><strong>occurrit</strong></span> <span class='ocrx_word' id='word_1_74' title='bbox 1029 1012 1076 1055; x_wconf 90' lang='lat' dir='ltr'><strong>in</strong></span> <span class='ocrx_word' id='word_1_75' title='bbox 1108 1012 1248 1055; x_wconf 87' lang='lat' dir='ltr'><strong>media</strong></span> <span class='ocrx_word' id='word_1_76' title='bbox 1277 1007 1509 1055; x_wconf 72' lang='lat' dir='ltr'><strong>sententia}</strong></span> 
     </span>
    </p>

    <p class='ocr_par' dir='ltr' id='par_1_6' title="bbox 616 1090 1017 1145">
     <span class='ocr_line' id='line_1_14' title="bbox 616 1090 1017 1145; baseline -0.002 -13"><span class='ocrx_word' id='word_1_77' title='bbox 616 1090 680 1145; x_wconf 82' lang='grc' dir='ltr'>ἴτ’,</span> <span class='ocrx_word' id='word_1_78' title='bbox 711 1090 757 1141; x_wconf 83' lang='grc' dir='ltr'><strong>ἐς</strong></span> <span class='ocrx_word' id='word_1_79' title='bbox 787 1090 1017 1143; x_wconf 82' lang='grc' dir='ltr'><strong>ἀντίπαλον</strong></span> 
     </span>
    </p>

    <p class='ocr_par' dir='ltr' id='par_1_7' title="bbox 616 1158 979 1212">
     <span class='ocr_line' id='line_1_15' title="bbox 616 1158 979 1212; baseline -0.003 -11"><span class='ocrx_word' id='word_1_80' title='bbox 616 1159 800 1202; x_wconf 79' lang='grc' dir='ltr'><strong>ἵστασθε</strong></span> <span class='ocrx_word' id='word_1_81' title='bbox 830 1158 979 1212; x_wconf 81' lang='grc' dir='ltr'>κρίσιν,</span> 
     </span>
    </p>

    <p class='ocr_par' dir='ltr' id='par_1_8' title="bbox 191 1224 1120 1345">
     <span class='ocr_line' id='line_1_16' title="bbox 617 1224 1120 1277; baseline -0.002 -11"><span class='ocrx_word' id='word_1_82' title='bbox 617 1224 684 1277; x_wconf 80' lang='grc' dir='ltr'><strong>οἷς</strong></span> <span class='ocrx_word' id='word_1_83' title='bbox 712 1238 757 1267; x_wconf 87' lang='grc' dir='ltr'><strong>τε</strong></span> <span class='ocrx_word' id='word_1_84' title='bbox 787 1225 1003 1277; x_wconf 83' lang='grc' dir='ltr'>φρόνησιν</span> <span class='ocrx_word' id='word_1_85' title='bbox 1026 1257 1035 1265; x_wconf 90' lang='grc'><strong>.</strong></span> <span class='ocrx_word' id='word_1_86' title='bbox 1057 1257 1066 1266; x_wconf 96' lang='grc'><strong>.</strong></span> <span class='ocrx_word' id='word_1_87' title='bbox 1089 1239 1120 1276; x_wconf 88' lang='grc'><strong>.;</strong></span> 
     </span>
     <span class='ocr_line' id='line_1_17' title="bbox 191 1296 1031 1345; baseline 0 -2"><span class='ocrx_word' id='word_1_88' title='bbox 191 1316 229 1344; x_wconf 88' lang='lat' dir='ltr'><strong>v.</strong></span> <span class='ocrx_word' id='word_1_89' title='bbox 253 1303 320 1345; x_wconf 89' lang='grc'><strong>10.</strong></span> <span class='ocrx_word' id='word_1_90' title='bbox 352 1301 499 1345; x_wconf 88' lang='lat' dir='ltr'><strong>eadem</strong></span> <span class='ocrx_word' id='word_1_91' title='bbox 527 1296 703 1344; x_wconf 87' lang='lat' dir='ltr'><strong>licentia</strong></span> <span class='ocrx_word' id='word_1_92' title='bbox 733 1300 916 1343; x_wconf 83' lang='lat' dir='ltr'><strong>admissa</strong></span> <span class='ocrx_word' id='word_1_93' title='bbox 946 1302 1031 1344; x_wconf 90' lang='lat' dir='ltr'><strong>est:</strong></span> 
     </span>
    </p>
   </div>
   <div class='ocr_carea' id='block_1_6' title="bbox 617 1378 1410 1498">
    <p class='ocr_par' dir='ltr' id='par_1_9' title="bbox 617 1378 1410 1498">
     <span class='ocr_line' id='line_1_18' title="bbox 617 1378 1410 1436; baseline 0.001 -15"><span class='ocrx_word' id='word_1_94' title='bbox 617 1379 657 1421; x_wconf 88' lang='grc' dir='ltr'><strong>οἱ</strong></span> <span class='ocrx_word' id='word_1_95' title='bbox 686 1380 784 1433; x_wconf 86' lang='grc' dir='ltr'>πρὶν</span> <span class='ocrx_word' id='word_1_96' title='bbox 816 1380 999 1432; x_wconf 80' lang='grc' dir='ltr'><strong>βασιλεῖς</strong></span> <span class='ocrx_word' id='word_1_97' title='bbox 1029 1378 1153 1422; x_wconf 82' lang='grc' dir='ltr'>ἔθνεα</span> <span class='ocrx_word' id='word_1_98' title='bbox 1183 1380 1318 1422; x_wconf 87' lang='grc' dir='ltr'>πολλὰ</span> <span class='ocrx_word' id='word_1_99' title='bbox 1340 1432 1344 1436; x_wconf 88' lang='lat'>.</span> <span class='ocrx_word' id='word_1_100' title='bbox 1407 1378 1410 1381; x_wconf 81' lang='grc'><strong>’</strong></span> 
     </span>
     <span class='ocr_line' id='line_1_19' title="bbox 619 1448 1036 1498; baseline 0 -10"><span class='ocrx_word' id='word_1_101' title='bbox 619 1448 941 1498; x_wconf 79' lang='grc' dir='ltr'>δουλωσάμενοι</span> <span class='ocrx_word' id='word_1_102' title='bbox 962 1479 971 1488; x_wconf 91' lang='grc'><strong>.</strong></span> <span class='ocrx_word' id='word_1_103' title='bbox 994 1480 1002 1488; x_wconf 95' lang='grc'><em>.</em></span> <span class='ocrx_word' id='word_1_104' title='bbox 1027 1479 1036 1488; x_wconf 93' lang='grc'><strong>.</strong></span> 
     </span>
    </p>
   </div>
   <div class='ocr_carea' id='block_1_7' title="bbox 190 1532 1756 1588">
    <p class='ocr_par' dir='ltr' id='par_1_10' title="bbox 190 1532 1756 1588">
     <span class='ocr_line' id='line_1_20' title="bbox 190 1532 1756 1588; baseline 0.001 -12"><span class='ocrx_word' id='word_1_105' title='bbox 190 1533 276 1577; x_wconf 89' lang='lat' dir='ltr'><strong>Hic</strong></span> <span class='ocrx_word' id='word_1_106' title='bbox 305 1546 410 1577; x_wconf 91' lang='lat' dir='ltr'><strong>usus</strong></span> <span class='ocrx_word' id='word_1_107' title='bbox 440 1533 628 1587; x_wconf 82' lang='lat' dir='ltr'>syllabae</span> <span class='ocrx_word' id='word_1_108' title='bbox 658 1532 856 1588; x_wconf 87' lang='lat' dir='ltr'><strong>ancipitis</strong></span> <span class='ocrx_word' id='word_1_109' title='bbox 885 1533 978 1574; x_wconf 90' lang='lat' dir='ltr'><strong>sine</strong></span> <span class='ocrx_word' id='word_1_110' title='bbox 1010 1532 1139 1574; x_wconf 89' lang='lat' dir='ltr'><strong>dubio</strong></span> <span class='ocrx_word' id='word_1_111' title='bbox 1168 1532 1344 1575; x_wconf 86' lang='lat' dir='ltr'><strong>licentia</strong></span> <span class='ocrx_word' id='word_1_112' title='bbox 1375 1536 1440 1575; x_wconf 92' lang='lat' dir='ltr'><strong>est</strong></span> <span class='ocrx_word' id='word_1_113' title='bbox 1468 1534 1756 1578; x_wconf 76' lang='lat' dir='ltr'><strong>recentiorum</strong></span> 
     </span>
    </p>
   </div>
   <div class='ocr_carea' id='block_1_8' title="bbox 123 1599 1756 1656">
    <p class='ocr_par' dir='ltr' id='par_1_11' title="bbox 123 1599 1756 1656">
     <span class='ocr_line' id='line_1_21' title="bbox 123 1599 1756 1656; baseline 0 -13"><span class='ocrx_word' id='word_1_114' title='bbox 123 1623 125 1625; x_wconf 91' lang='lat'>·</span> <span class='ocrx_word' id='word_1_115' title='bbox 189 1602 448 1656; x_wconf 83' lang='lat' dir='ltr'><strong>tempomm3</strong></span> <span class='ocrx_word' id='word_1_116' title='bbox 486 1601 527 1642; x_wconf 92' lang='lat' dir='ltr'><strong>ei</strong></span> <span class='ocrx_word' id='word_1_117' title='bbox 556 1603 705 1655; x_wconf 86' lang='lat' dir='ltr'><strong>poetae</strong></span> <span class='ocrx_word' id='word_1_118' title='bbox 743 1599 907 1653; x_wconf 86' lang='lat' dir='ltr'><strong>Graeci,</strong></span> <span class='ocrx_word' id='word_1_119' title='bbox 944 1612 1052 1654; x_wconf 89' lang='lat' dir='ltr'><strong>quos</strong></span> <span class='ocrx_word' id='word_1_120' title='bbox 1089 1599 1251 1642; x_wconf 84' lang='lat' dir='ltr'><strong>Seneca</strong></span> <span class='ocrx_word' id='word_1_121' title='bbox 1287 1599 1555 1655; x_wconf 83' lang='lat' dir='ltr'><strong>sequebatur,</strong></span> <span class='ocrx_word' id='word_1_122' title='bbox 1595 1601 1680 1642; x_wconf 90' lang='lat' dir='ltr'><strong>nisi</strong></span> <span class='ocrx_word' id='word_1_123' title='bbox 1710 1601 1756 1643; x_wconf 90' lang='lat' dir='ltr'><strong>in</strong></span> 
     </span>
    </p>
   </div>
   <div class='ocr_carea' id='block_1_9' title="bbox 129 1667 1758 2811">
    <p class='ocr_par' dir='ltr' id='par_1_12' title="bbox 188 1667 1757 1996">
     <span class='ocr_line' id='line_1_22' title="bbox 189 1667 1757 1724; baseline 0.001 -13"><span class='ocrx_word' id='word_1_124' title='bbox 189 1668 280 1711; x_wconf 86' lang='lat' dir='ltr'><strong>fine</strong></span> <span class='ocrx_word' id='word_1_125' title='bbox 316 1668 661 1723; x_wconf 85' lang='lat' dir='ltr'><strong>complexionum</strong></span> <span class='ocrx_word' id='word_1_126' title='bbox 697 1667 950 1723; x_wconf 83' lang='lat' dir='ltr'><strong>synaphiam</strong></span> <span class='ocrx_word' id='word_1_127' title='bbox 986 1680 1074 1709; x_wconf 90' lang='lat' dir='ltr'><strong>non</strong></span> <span class='ocrx_word' id='word_1_128' title='bbox 1109 1668 1415 1722; x_wconf 78' lang='lat' dir='ltr'><strong>neglexerunt3</strong></span> <span class='ocrx_word' id='word_1_129' title='bbox 1454 1681 1581 1723; x_wconf 91' lang='lat' dir='ltr'><strong>quam</strong></span> <span class='ocrx_word' id='word_1_130' title='bbox 1617 1669 1757 1724; x_wconf 84' lang='lat' dir='ltr'><strong>legem</strong></span> 
     </span>
     <span class='ocr_line' id='line_1_23' title="bbox 191 1734 1754 1790; baseline -0.001 -11"><span class='ocrx_word' id='word_1_131' title='bbox 191 1737 318 1779; x_wconf 85' lang='lat' dir='ltr'><strong>etiam</strong></span> <span class='ocrx_word' id='word_1_132' title='bbox 355 1735 551 1779; x_wconf 87' lang='lat' dir='ltr'><strong>Clemens</strong></span> <span class='ocrx_word' id='word_1_133' title='bbox 588 1734 907 1782; x_wconf 84' lang='lat' dir='ltr'><strong>Alexandrinus</strong></span> <span class='ocrx_word' id='word_1_134' title='bbox 922 1754 930 1759; x_wconf 88' lang='lat'><em>-</em></span> <span class='ocrx_word' id='word_1_135' title='bbox 944 1734 1196 1790; x_wconf 85' lang='lat' dir='ltr'><strong>observavit,</strong></span> <span class='ocrx_word' id='word_1_136' title='bbox 1233 1736 1308 1790; x_wconf 91' lang='lat' dir='ltr'><strong>qui</strong></span> <span class='ocrx_word' id='word_1_137' title='bbox 1345 1749 1442 1778; x_wconf 91' lang='lat' dir='ltr'><strong>cum</strong></span> <span class='ocrx_word' id='word_1_138' title='bbox 1480 1750 1550 1778; x_wconf 73' lang='lat' dir='ltr'><strong>vv:</strong></span> <span class='ocrx_word' id='word_1_139' title='bbox 1581 1737 1754 1779; x_wconf 84' lang='lat'>11-25</span> 
     </span>
     <span class='ocr_line' id='line_1_24' title="bbox 188 1804 1755 1860; baseline -0.001 -13"><span class='ocrx_word' id='word_1_140' title='bbox 188 1809 474 1847; x_wconf 89' lang='lat' dir='ltr'><strong>monometros</strong></span> <span class='ocrx_word' id='word_1_141' title='bbox 486 1805 662 1847; x_wconf 88' lang='lat' dir='ltr'><strong>stichice</strong></span> <span class='ocrx_word' id='word_1_142' title='bbox 678 1805 960 1859; x_wconf 87' lang='lat' dir='ltr'><strong>componeret,</strong></span> <span class='ocrx_word' id='word_1_143' title='bbox 976 1807 1118 1845; x_wconf 87' lang='lat' dir='ltr'><strong>tamen</strong></span> <span class='ocrx_word' id='word_1_144' title='bbox 1136 1816 1277 1858; x_wconf 90' lang='lat' dir='ltr'><strong>neque</strong></span> <span class='ocrx_word' id='word_1_145' title='bbox 1298 1804 1506 1858; x_wconf 85' lang='lat' dir='ltr'><strong>syllabam</strong></span> <span class='ocrx_word' id='word_1_146' title='bbox 1527 1805 1755 1860; x_wconf 86' lang='lat' dir='ltr'><strong>ancipitem</strong></span> 
     </span>
     <span class='ocr_line' id='line_1_25' title="bbox 190 1870 1756 1928; baseline 0 -13"><span class='ocrx_word' id='word_1_147' title='bbox 190 1872 359 1915; x_wconf 84' lang='lat' dir='ltr'><strong>admisit</strong></span> <span class='ocrx_word' id='word_1_148' title='bbox 394 1885 534 1928; x_wconf 89' lang='lat' dir='ltr'><strong>neque</strong></span> <span class='ocrx_word' id='word_1_149' title='bbox 572 1872 751 1927; x_wconf 89' lang='lat' dir='ltr'><strong>hiatum,</strong></span> <span class='ocrx_word' id='word_1_150' title='bbox 788 1870 864 1914; x_wconf 87' lang='lat' dir='ltr'><strong>sed</strong></span> <span class='ocrx_word' id='word_1_151' title='bbox 898 1871 1037 1928; x_wconf 84' lang='lat' dir='ltr'><strong>legem</strong></span> <span class='ocrx_word' id='word_1_152' title='bbox 1074 1872 1360 1928; x_wconf 85' lang='lat' dir='ltr'><strong>hypermetris</strong></span> <span class='ocrx_word' id='word_1_153' title='bbox 1399 1873 1671 1916; x_wconf 85' lang='lat' dir='ltr'><strong>constitutam</strong></span> <span class='ocrx_word' id='word_1_154' title='bbox 1708 1873 1756 1915; x_wconf 91' lang='lat' dir='ltr'><strong>in</strong></span> 
     </span>
     <span class='ocr_line' id='line_1_26' title="bbox 191 1937 1517 1997; baseline -0.002 -14"><span class='ocrx_word' id='word_1_155' title='bbox 191 1937 495 1984; x_wconf 83' lang='lat' dir='ltr'><strong>monometrica</strong></span> <span class='ocrx_word' id='word_1_156' title='bbox 525 1941 830 1996; x_wconf 87' lang='lat' dir='ltr'><strong>compositione</strong></span> <span class='ocrx_word' id='word_1_157' title='bbox 861 1942 1517 1997; x_wconf 69' lang='lat' dir='ltr'><strong>servavit31).·</strong></span> 
     </span>
    </p>

    <p class='ocr_par' dir='ltr' id='par_1_13' title="bbox 129 1999 1758 2811">
     <span class='ocr_line' id='line_1_27' title="bbox 332 1999 1756 2063; baseline 0.001 -13"><span class='ocrx_word' id='word_1_158' title='bbox 332 2009 424 2050; x_wconf 88' lang='lat' dir='ltr'><strong>Iam</strong></span> <span class='ocrx_word' id='word_1_159' title='bbox 453 2008 772 2063; x_wconf 86' lang='lat' dir='ltr'><strong>investigemus,</strong></span> <span class='ocrx_word' id='word_1_160' title='bbox 802 2006 917 2050; x_wconf 89' lang='lat' dir='ltr'><strong>unde</strong></span> <span class='ocrx_word' id='word_1_161' title='bbox 949 1999 1103 2050; x_wconf 76' lang='lat' dir='ltr'><strong>Graeci</strong></span> <span class='ocrx_word' id='word_1_162' title='bbox 1132 2012 1293 2063; x_wconf 87' lang='lat' dir='ltr'><strong>poetae,</strong></span> <span class='ocrx_word' id='word_1_163' title='bbox 1331 2021 1439 2063; x_wconf 90' lang='lat' dir='ltr'><strong>quos</strong></span> <span class='ocrx_word' id='word_1_164' title='bbox 1470 2008 1633 2052; x_wconf 88' lang='lat' dir='ltr'><strong>Seneca</strong></span> <span class='ocrx_word' id='word_1_165' title='bbox 1662 2009 1756 2051; x_wconf 89' lang='lat' dir='ltr'><strong>imi-</strong></span> 
     </span>
     <span class='ocr_line' id='line_1_28' title="bbox 189 2077 1754 2131; baseline -0.001 -12"><span class='ocrx_word' id='word_1_166' title='bbox 189 2078 302 2119; x_wconf 84' lang='lat' dir='ltr'><strong>tatus</strong></span> <span class='ocrx_word' id='word_1_167' title='bbox 339 2078 412 2128; x_wconf 79' lang='lat' dir='ltr'><strong>est,</strong></span> <span class='ocrx_word' id='word_1_168' title='bbox 449 2089 603 2118; x_wconf 85' lang='lat' dir='ltr'><strong>novam</strong></span> <span class='ocrx_word' id='word_1_169' title='bbox 638 2077 846 2118; x_wconf 89' lang='lat' dir='ltr'><strong>rationem</strong></span> <span class='ocrx_word' id='word_1_170' title='bbox 881 2080 1129 2130; x_wconf 87' lang='lat' dir='ltr'><strong>anapaestos</strong></span> <span class='ocrx_word' id='word_1_171' title='bbox 1166 2077 1450 2130; x_wconf 89' lang='lat' dir='ltr'><strong>componendi</strong></span> <span class='ocrx_word' id='word_1_172' title='bbox 1487 2078 1754 2131; x_wconf 88' lang='lat' dir='ltr'><strong>sumpserint.</strong></span> 
     </span>
     <span class='ocr_line' id='line_1_29' title="bbox 129 2134 1754 2198; baseline -0.001 -11"><span class='ocrx_word' id='word_1_173' title='bbox 129 2134 131 2139; x_wconf 40' lang='lat'>¹</span> <span class='ocrx_word' id='word_1_174' title='bbox 189 2144 284 2187; x_wconf 88' lang='lat' dir='ltr'><strong>Hac</strong></span> <span class='ocrx_word' id='word_1_175' title='bbox 313 2145 360 2186; x_wconf 92' lang='lat' dir='ltr'><strong>in</strong></span> <span class='ocrx_word' id='word_1_176' title='bbox 389 2157 438 2187; x_wconf 89' lang='lat' dir='ltr'><strong>re</strong></span> <span class='ocrx_word' id='word_1_177' title='bbox 466 2144 712 2186; x_wconf 83' lang='lat' dir='ltr'><strong>Fridericus</strong></span> <span class='ocrx_word' id='word_1_178' title='bbox 743 2143 829 2186; x_wconf 87' lang='lat' dir='ltr'><strong>Leo</strong></span> <span class='ocrx_word' id='word_1_179' title='bbox 861 2143 984 2185; x_wconf 89' lang='lat' dir='ltr'><strong>nobis</strong></span> <span class='ocrx_word' id='word_1_180' title='bbox 1021 2143 1184 2185; x_wconf 82' lang='lat' dir='ltr'><strong>auxilio</strong></span> <span class='ocrx_word' id='word_1_181' title='bbox 1215 2144 1345 2198; x_wconf 88' lang='lat' dir='ltr'><strong>venit,</strong></span> <span class='ocrx_word' id='word_1_182' title='bbox 1377 2145 1452 2198; x_wconf 92' lang='lat' dir='ltr'><strong>qui</strong></span> <span class='ocrx_word' id='word_1_183' title='bbox 1481 2143 1593 2186; x_wconf 87' lang='lat' dir='ltr'><strong>Mus.</strong></span> <span class='ocrx_word' id='word_1_184' title='bbox 1619 2141 1754 2186; x_wconf 87' lang='lat' dir='ltr'><strong>Rhen.</strong></span> 
     </span>
     <span class='ocr_line' id='line_1_30' title="bbox 191 2201 1756 2268; baseline 0 -14"><span class='ocrx_word' id='word_1_185' title='bbox 191 2211 271 2255; x_wconf 85' lang='lat' dir='ltr'><strong>vol.</strong></span> <span class='ocrx_word' id='word_1_186' title='bbox 294 2209 387 2255; x_wconf 55' lang='lat'><strong>5211</strong></span> <span class='ocrx_word' id='word_1_187' title='bbox 414 2211 574 2268; x_wconf 79' lang='lat'><strong>(1897),</strong></span> <span class='ocrx_word' id='word_1_188' title='bbox 604 2225 726 2267; x_wconf 77' lang='lat' dir='ltr'><strong>pagg.</strong></span> <span class='ocrx_word' id='word_1_189' title='bbox 751 2211 984 2254; x_wconf 78' lang='lat'>509-518</span> <span class='ocrx_word' id='word_1_190' title='bbox 1015 2211 1098 2254; x_wconf 79' lang='lat' dir='ltr'><strong>alia</strong></span> <span class='ocrx_word' id='word_1_191' title='bbox 1126 2212 1291 2254; x_wconf 76' lang='lat' dir='ltr'><strong>ratione</strong></span> <span class='ocrx_word' id='word_1_192' title='bbox 1322 2213 1448 2266; x_wconf 78' lang='lat' dir='ltr'><strong>atque</strong></span> <span class='ocrx_word' id='word_1_193' title='bbox 1478 2201 1556 2266; x_wconf 60' lang='lat' dir='ltr'><strong>ego</strong></span> <span class='ocrx_word' id='word_1_194' title='bbox 1582 2212 1756 2255; x_wconf 82' lang='lat' dir='ltr'><strong>demon-</strong></span> 
     </span>
     <span class='ocr_line' id='line_1_31' title="bbox 190 2278 1755 2334; baseline -0.001 -12"><span class='ocrx_word' id='word_1_195' title='bbox 190 2281 340 2322; x_wconf 85' lang='lat' dir='ltr'><strong>stravit</strong></span> <span class='ocrx_word' id='word_1_196' title='bbox 381 2280 588 2325; x_wconf 87' lang='lat' dir='ltr'><strong>Senecam</strong></span> <span class='ocrx_word' id='word_1_197' title='bbox 631 2291 733 2320; x_wconf 86' lang='lat' dir='ltr'><strong>suae</strong></span> <span class='ocrx_word' id='word_1_198' title='bbox 775 2280 924 2321; x_wconf 85' lang='lat' dir='ltr'><strong>aetatis</strong></span> <span class='ocrx_word' id='word_1_199' title='bbox 968 2280 1115 2334; x_wconf 87' lang='lat' dir='ltr'><strong>poetas</strong></span> <span class='ocrx_word' id='word_1_200' title='bbox 1162 2278 1346 2321; x_wconf 83' lang='lat' dir='ltr'><strong>Graecos</strong></span> <span class='ocrx_word' id='word_1_201' title='bbox 1390 2279 1602 2321; x_wconf 86' lang='lat' dir='ltr'><strong>imitatum</strong></span> <span class='ocrx_word' id='word_1_202' title='bbox 1650 2280 1755 2322; x_wconf 83' lang='lat' dir='ltr'><strong>esse.</strong></span> 
     </span>
     <span class='ocr_line' id='line_1_32' title="bbox 191 2340 1755 2402; baseline -0.001 -12"><span class='ocrx_word' id='word_1_203' title='bbox 191 2346 415 2402; x_wconf 85' lang='lat' dir='ltr'><strong>Comparat</strong></span> <span class='ocrx_word' id='word_1_204' title='bbox 445 2347 560 2390; x_wconf 89' lang='lat' dir='ltr'><strong>enim</strong></span> <span class='ocrx_word' id='word_1_205' title='bbox 589 2346 777 2389; x_wconf 86' lang='lat' dir='ltr'><strong>Senecae</strong></span> <span class='ocrx_word' id='word_1_206' title='bbox 806 2349 940 2389; x_wconf 83' lang='lat' dir='ltr'><strong>artem</strong></span> <span class='ocrx_word' id='word_1_207' title='bbox 961 2347 1127 2389; x_wconf 86' lang='lat' dir='ltr'><strong>cantica</strong></span> <span class='ocrx_word' id='word_1_208' title='bbox 1147 2347 1403 2389; x_wconf 88' lang='lat' dir='ltr'><strong>conficiendi</strong></span> <span class='ocrx_word' id='word_1_209' title='bbox 1425 2340 1525 2389; x_wconf 88' lang='lat' dir='ltr'><strong>cum</strong></span> <span class='ocrx_word' id='word_1_210' title='bbox 1546 2347 1755 2390; x_wconf 89' lang='lat' dir='ltr'><strong>monodiis</strong></span> 
     </span>
     <span class='ocr_line' id='line_1_33' title="bbox 190 2414 1755 2470; baseline -0.001 -12"><span class='ocrx_word' id='word_1_211' title='bbox 190 2414 446 2470; x_wconf 79' lang='lat' dir='ltr'><strong>Euripideis,</strong></span> <span class='ocrx_word' id='word_1_212' title='bbox 477 2426 659 2468; x_wconf 89' lang='lat' dir='ltr'><strong>quorum</strong></span> <span class='ocrx_word' id='word_1_213' title='bbox 690 2414 1039 2469; x_wconf 84' lang='lat' dir='ltr'><strong>compositionem</strong></span> <span class='ocrx_word' id='word_1_214' title='bbox 1070 2414 1253 2468; x_wconf 83' lang='lat' dir='ltr'><strong>tragicos</strong></span> <span class='ocrx_word' id='word_1_215' title='bbox 1283 2416 1428 2469; x_wconf 83' lang='lat' dir='ltr'><strong>poetas</strong></span> <span class='ocrx_word' id='word_1_216' title='bbox 1460 2414 1645 2457; x_wconf 86' lang='lat' dir='ltr'><strong>Graecos</strong></span> <span class='ocrx_word' id='word_1_217' title='bbox 1670 2416 1755 2457; x_wconf 90' lang='lat' dir='ltr'><strong>iam</strong></span> 
     </span>
     <span class='ocr_line' id='line_1_34' title="bbox 191 2480 1757 2538; baseline 0 -13"><span class='ocrx_word' id='word_1_218' title='bbox 191 2482 327 2525; x_wconf 80' lang='lat' dir='ltr'><strong>aetate</strong></span> <span class='ocrx_word' id='word_1_219' title='bbox 356 2480 651 2524; x_wconf 85' lang='lat' dir='ltr'><strong>Alexandrina</strong></span> <span class='ocrx_word' id='word_1_220' title='bbox 666 2482 864 2525; x_wconf 77' lang='lat' dir='ltr'><strong>imitatos</strong></span> <span class='ocrx_word' id='word_1_221' title='bbox 901 2494 996 2525; x_wconf 89' lang='lat' dir='ltr'><strong>esse</strong></span> <span class='ocrx_word' id='word_1_222' title='bbox 1033 2495 1090 2526; x_wconf 79' lang='lat' dir='ltr'><strong>ex</strong></span> <span class='ocrx_word' id='word_1_223' title='bbox 1124 2482 1362 2538; x_wconf 78' lang='lat' dir='ltr'><strong>fragmento</strong></span> <span class='ocrx_word' id='word_1_224' title='bbox 1394 2483 1682 2526; x_wconf 79' lang='lat' dir='ltr'><strong>Grenfelliano</strong></span> <span class='ocrx_word' id='word_1_225' title='bbox 1713 2487 1757 2526; x_wconf 89' lang='lat' dir='ltr'><strong>et</strong></span> 
     </span>
     <span class='ocr_line' id='line_1_35' title="bbox 192 2549 1756 2606; baseline 0.001 -13"><span class='ocrx_word' id='word_1_226' title='bbox 192 2563 216 2593; x_wconf 89' lang='lat' dir='ltr'><strong>e</strong></span> <span class='ocrx_word' id='word_1_227' title='bbox 245 2549 456 2593; x_wconf 85' lang='lat' dir='ltr'><strong>Plautinis</strong></span> <span class='ocrx_word' id='word_1_228' title='bbox 492 2550 669 2599; x_wconf 87' lang='lat' dir='ltr'><strong>canticis</strong></span> <span class='ocrx_word' id='word_1_229' title='bbox 706 2550 920 2606; x_wconf 87' lang='lat' dir='ltr'><strong>cognitum</strong></span> <span class='ocrx_word' id='word_1_230' title='bbox 960 2555 1034 2593; x_wconf 85' lang='lat' dir='ltr'><strong>est.</strong></span> <span class='ocrx_word' id='word_1_231' title='bbox 1085 2550 1277 2594; x_wconf 82' lang='lat' dir='ltr'><strong>Eandem</strong></span> <span class='ocrx_word' id='word_1_232' title='bbox 1313 2555 1449 2594; x_wconf 87' lang='lat' dir='ltr'><strong>artem</strong></span> <span class='ocrx_word' id='word_1_233' title='bbox 1484 2551 1648 2595; x_wconf 85' lang='lat' dir='ltr'><strong>Seneca</strong></span> <span class='ocrx_word' id='word_1_234' title='bbox 1683 2551 1756 2594; x_wconf 87' lang='lat' dir='ltr'><strong>ad-</strong></span> 
     </span>
     <span class='ocr_line' id='line_1_36' title="bbox 190 2617 1757 2676; baseline 0.001 -15"><span class='ocrx_word' id='word_1_235' title='bbox 190 2617 340 2674; x_wconf 82' lang='lat' dir='ltr'><strong>hibuit,</strong></span> <span class='ocrx_word' id='word_1_236' title='bbox 369 2618 430 2661; x_wconf 87' lang='lat' dir='ltr'><strong>ita</strong></span> <span class='ocrx_word' id='word_1_237' title='bbox 459 2621 508 2663; x_wconf 90' lang='lat' dir='ltr'><strong>ut</strong></span> <span class='ocrx_word' id='word_1_238' title='bbox 537 2618 653 2660; x_wconf 92' lang='lat' dir='ltr'><strong>hunc</strong></span> <span class='ocrx_word' id='word_1_239' title='bbox 682 2620 851 2674; x_wconf 85' lang='lat' dir='ltr'><strong>poetam</strong></span> <span class='ocrx_word' id='word_1_240' title='bbox 882 2618 1067 2662; x_wconf 81' lang='lat' dir='ltr'><strong>Graecos</strong></span> <span class='ocrx_word' id='word_1_241' title='bbox 1096 2621 1242 2675; x_wconf 87' lang='lat' dir='ltr'><strong>poetas</strong></span> <span class='ocrx_word' id='word_1_242' title='bbox 1272 2620 1454 2676; x_wconf 84' lang='lat' dir='ltr'><strong>tragicos</strong></span> <span class='ocrx_word' id='word_1_243' title='bbox 1478 2632 1581 2663; x_wconf 87' lang='lat' dir='ltr'><strong>suae</strong></span> <span class='ocrx_word' id='word_1_244' title='bbox 1604 2621 1757 2664; x_wconf 84' lang='lat' dir='ltr'><strong>aetatis</strong></span> 
     </span>
     <span class='ocr_line' id='line_1_37' title="bbox 189 2686 1757 2748; baseline 0.001 -18"><span class='ocrx_word' id='word_1_245' title='bbox 189 2686 348 2732; x_wconf 75' lang='lat' dir='ltr'><strong>imitari</strong></span> <span class='ocrx_word' id='word_1_246' title='bbox 387 2689 582 2742; x_wconf 83' lang='lat' dir='ltr'><strong>apertum</strong></span> <span class='ocrx_word' id='word_1_247' title='bbox 618 2687 707 2729; x_wconf 83' lang='lat' dir='ltr'><strong>fiat.</strong></span> <span class='ocrx_word' id='word_1_248' title='bbox 763 2686 888 2739; x_wconf 88' lang='lat' dir='ltr'><strong>Quod</strong></span> <span class='ocrx_word' id='word_1_249' title='bbox 931 2687 984 2730; x_wconf 90' lang='lat' dir='ltr'><strong>de</strong></span> <span class='ocrx_word' id='word_1_250' title='bbox 1026 2687 1274 2748; x_wconf 77' lang='lat' dir='ltr'><strong>polymetris</strong></span> <span class='ocrx_word' id='word_1_251' title='bbox 1318 2688 1577 2741; x_wconf 81' lang='lat' dir='ltr'><strong>carminibus</strong></span> <span class='ocrx_word' id='word_1_252' title='bbox 1619 2688 1757 2744; x_wconf 88' lang='lat' dir='ltr'><strong>prima</strong></span> 
     </span>
     <span class='ocr_line' id='line_1_38' title="bbox 189 2753 1758 2811; baseline 0.001 -13"><span class='ocrx_word' id='word_1_253' title='bbox 189 2753 374 2798; x_wconf 86' lang='lat' dir='ltr'><strong>lectione</strong></span> <span class='ocrx_word' id='word_1_254' title='bbox 419 2753 693 2797; x_wconf 85' lang='lat' dir='ltr'><strong>manifestum</strong></span> <span class='ocrx_word' id='word_1_255' title='bbox 735 2756 811 2798; x_wconf 85' lang='lat' dir='ltr'><strong>est.</strong></span> <span class='ocrx_word' id='word_1_256' title='bbox 871 2754 1062 2806; x_wconf 81' lang='lat' dir='ltr'><strong>Quorum</strong></span> <span class='ocrx_word' id='word_1_257' title='bbox 1107 2767 1213 2798; x_wconf 89' lang='lat' dir='ltr'><strong>usus</strong></span> <span class='ocrx_word' id='word_1_258' title='bbox 1256 2759 1597 2811; x_wconf 86' lang='lat' dir='ltr'><strong>anapaestorum,</strong></span> <span class='ocrx_word' id='word_1_259' title='bbox 1636 2757 1758 2800; x_wconf 86' lang='lat' dir='ltr'><strong>velut</strong></span> 
     </span>
    </p>
   </div>
   <div class='ocr_carea' id='block_1_10' title="bbox 191 2837 476 2845">
    <p class='ocr_par' dir='ltr' id='par_1_14' title="bbox 191 2837 476 2845">
     <span class='ocr_line' id='line_1_39' title="bbox 191 2837 476 2845; baseline 0 448"><span class='ocrx_word' id='word_1_260' title='bbox 191 2837 476 2845; x_wconf 95' lang='lat' dir='ltr'><strong> </strong></span> 
     </span>
    </p>
   </div>
   <div class='ocr_carea' id='block_1_11' title="bbox 104 2866 1754 3043">
    <p class='ocr_par' dir='ltr' id='par_1_15' title="bbox 104 2866 1754 3043">
     <span class='ocr_line' id='line_1_40' title="bbox 335 2866 1372 2923; baseline 0.002 -16"><span class='ocrx_word' id='word_1_261' title='bbox 335 2866 594 2918; x_wconf 21' lang='lat' dir='ltr'><strong>⁸⁰)1Lucianus</strong></span> <span class='ocrx_word' id='word_1_262' title='bbox 619 2871 676 2923; x_wconf 82' lang='lat' dir='ltr'><strong>ed.</strong></span> <span class='ocrx_word' id='word_1_263' title='bbox 701 2871 870 2922; x_wconf 78' lang='lat' dir='ltr'><strong>Jacobitz</strong></span> <span class='ocrx_word' id='word_1_264' title='bbox 895 2871 999 2918; x_wconf 82' lang='lat'><strong>1877,</strong></span> <span class='ocrx_word' id='word_1_265' title='bbox 1025 2873 1097 2909; x_wconf 84' lang='lat' dir='ltr'><strong>vol.</strong></span> <span class='ocrx_word' id='word_1_266' title='bbox 1122 2872 1165 2918; x_wconf 89' lang='lat'><strong>11,</strong></span> <span class='ocrx_word' id='word_1_267' title='bbox 1189 2883 1274 2919; x_wconf 82' lang='lat' dir='ltr'><strong>pag.</strong></span> <span class='ocrx_word' id='word_1_268' title='bbox 1290 2873 1372 2909; x_wconf 81' lang='lat'><strong>206.</strong></span> 
     </span>
     <span class='ocr_line' id='line_1_41' title="bbox 334 2927 1754 2976; baseline 0.002 -11"><span class='ocrx_word' id='word_1_269' title='bbox 334 2928 383 2974; x_wconf 74' lang='lat'><strong>⁸¹)</strong></span> <span class='ocrx_word' id='word_1_270' title='bbox 404 2928 445 2965; x_wconf 87' lang='lat' dir='ltr'><strong>V.</strong></span> <span class='ocrx_word' id='word_1_271' title='bbox 462 2928 497 2973; x_wconf 82' lang='lat'><strong>6,</strong></span> <span class='ocrx_word' id='word_1_272' title='bbox 520 2927 586 2964; x_wconf 87' lang='lat' dir='ltr'><strong>ubi</strong></span> <span class='ocrx_word' id='word_1_273' title='bbox 618 2929 803 2975; x_wconf 78' lang='lat' dir='ltr'><strong>synaphia</strong></span> <span class='ocrx_word' id='word_1_274' title='bbox 834 2929 1006 2975; x_wconf 73' lang='lat' dir='ltr'><strong>neglecta</strong></span> <span class='ocrx_word' id='word_1_275' title='bbox 1039 2931 1114 2975; x_wconf 87' lang='lat' dir='ltr'><strong>est,</strong></span> <span class='ocrx_word' id='word_1_276' title='bbox 1147 2930 1358 2966; x_wconf 81' lang='lat' dir='ltr'><strong>sententiae</strong></span> <span class='ocrx_word' id='word_1_277' title='bbox 1391 2941 1480 2976; x_wconf 85' lang='lat' dir='ltr'><strong>pars</strong></span> <span class='ocrx_word' id='word_1_278' title='bbox 1513 2931 1754 2968; x_wconf 82' lang='lat' dir='ltr'><strong>terminatur:</strong></span> 
     </span>
     <span class='ocr_line' id='line_1_42' title="bbox 104 2983 1527 3043; baseline 0.003 -23"><span class='ocrx_word' id='word_1_279' title='bbox 104 3035 108 3041; x_wconf 17' lang='grc' dir='ltr'><em>ν</em></span> <span class='ocrx_word' id='word_1_280' title='bbox 146 2989 150 2992; x_wconf 83' lang='grc'><strong>’</strong></span> <span class='ocrx_word' id='word_1_281' title='bbox 190 2985 281 3029; x_wconf 83' lang='grc' dir='ltr'><strong>τοὺς</strong></span> <span class='ocrx_word' id='word_1_282' title='bbox 305 2985 397 3028; x_wconf 86' lang='grc' dir='ltr'>σοὺς</span> <span class='ocrx_word' id='word_1_283' title='bbox 421 2983 570 3029; x_wconf 77' lang='grc' dir='ltr'>ἀφελεῖς</span> <span class='ocrx_word' id='word_1_284' title='bbox 590 2985 596 3030; x_wconf 92' lang='grc' dir='ltr'>Ι</span> <span class='ocrx_word' id='word_1_285' title='bbox 618 2986 750 3043; x_wconf 81' lang='grc' dir='ltr'>παῖδας</span> <span class='ocrx_word' id='word_1_286' title='bbox 774 2983 936 3032; x_wconf 77' lang='grc' dir='ltr'>ἂγειρόν,</span> <span class='ocrx_word' id='word_1_287' title='bbox 959 2986 965 3032; x_wconf 90' lang='grc' dir='ltr'>Ι</span> <span class='ocrx_word' id='word_1_288' title='bbox 987 2985 1102 3037; x_wconf 81' lang='grc' dir='ltr'><strong>αἰνεῖν</strong></span> <span class='ocrx_word' id='word_1_289' title='bbox 1125 2985 1242 3030; x_wconf 81' lang='grc' dir='ltr'>ἁγίως</span> <span class='ocrx_word' id='word_1_290' title='bbox 1268 3014 1275 3023; x_wconf 96' lang='grc'><strong>.</strong></span> <span class='ocrx_word' id='word_1_291' title='bbox 1294 3016 1302 3023; x_wconf 93' lang='grc'><strong>.</strong></span> <span class='ocrx_word' id='word_1_292' title='bbox 1323 3015 1331 3023; x_wconf 95' lang='grc'><strong>.</strong></span> <span class='ocrx_word' id='word_1_293' title='bbox 1356 2987 1527 3032; x_wconf 86' lang='grc' dir='ltr'>Χριστόν.</span> 
     </span>
    </p>
   </div>
  </div>
 </body>
</html>
